2996 3510
469 602 833 647 neral⸗Superintendur
850 606 1033 649 gekommen,
1056 612 1118 645 und
1145 612 1254 655 endlich
1276 613 1359 656 1654

470 650 531 684 Abt
544 660 578 693 zu
592 652 743 693 Adelberg.
772 655 876 691 Neben
892 660 981 696 dieſen
995 660 1133 695 Aemtern
1148 666 1232 697 ward
1247 673 1275 698 er
1284 665 1355 702 auch

470 688 502 721 in
521 691 573 722 den
587 691 764 733 wichtigſten
777 692 1037 738 Angelegenheiten
1054 698 1217 741 gebraucht,
1234 706 1295 737 und
1310 704 1354 743 oft

469 730 561 768 auſſer
572 730 684 766 Landes
700 734 851 775 verſchickt.
893 735 998 778 Einige
1012 731 1118 773 wollen
1131 740 1181 779 ihn
1198 744 1279 780 auch,
1287 743 1354 777 wie⸗

470 775 552 815 wohl
580 777 654 816 ohne
677 779 797 815 Grund,
825 788 890 821 zum
911 784 1036 823 Urheber
1060 789 1109 821 der
1135 788 1352 831 Roſencreutzer

469 815 596 855 machen.
640 819 683 853 Er
703 820 756 858 hat
777 821 814 853 de
834 823 993 857 Chriſtiani
1015 825 1198 860 Coſmoxeni
1212 830 1353 868 genitura

466 856 633 898 judicium;
654 860 890 901 deſcriptionem
903 864 1092 907 Reipublicæ
1109 868 1350 912 chriſtianopoli-

466 906 559 932 tanæ;
581 899 831 935 chriſtianiſmum
853 905 1039 947 genuinum;
1071 909 1222 942 chriſtiani
1244 914 1354 944 amoris

465 942 600 975 dextram
616 943 801 984 porrectam;
833 947 992 981 Seleniana
1011 951 1204 993 Auguſtalia;
1232 955 1354 995 mytho-

464 980 579 1022 logiam
596 984 803 1021 chriſtianam;
825 988 934 1019 famam
955 991 1132 1024 andreanam
1155 995 1351 1029 refloreſcen-

465 1033 550 1060 tem;
574 1025 805 1068 chronologiam
823 1031 953 1071 ſacram;
983 1033 1138 1076 ſyntagma
1165 1037 1201 1068 de
1230 1039 1352 1072 curioſi-

463 1065 534 1098 tatis
552 1066 705 1109 pernicie;
728 1070 872 1112 opuſcula
895 1074 931 1103 de
960 1076 1152 1109 reſtitutione
1174 1079 1351 1121 reipublicæ

464 1109 626 1144 chriſtianæ
644 1113 676 1142 in
690 1114 868 1151 Germania;
891 1118 1014 1151 ſubſidia
1032 1121 1079 1152 rei
1096 1122 1257 1156 chriſtianæ
1271 1126 1299 1156 &
1313 1127 1351 1157 li-

462 1153 595 1190 terariæ;
619 1155 839 1198 Theophilum,
853 1160 884 1190 ſ.
887 1157 917 1198 de
939 1162 1092 1204 religione
1121 1165 1278 1198 chriſtiana
1299 1178 1351 1198 co-

461 1193 567 1229 lenda;
589 1194 772 1236 Menippum
788 1199 922 1239 priorem
937 1203 965 1231 &
979 1203 1195 1248 poſteriorem,
1219 1207 1349 1243 dawider

459 1241 547 1283 Caſp.
562 1242 703 1282 Buͤcher,
726 1246 770 1279 ein
794 1248 880 1288 Prof.
906 1249 1015 1290 Eloqv.
1033 1261 1067 1294 zu
1088 1252 1244 1293 Tuͤbingen
1269 1259 1347 1293 1617

457 1278 490 1311 in
506 1278 580 1315 einer
597 1272 677 1314 Rede
693 1279 963 1325 Anti-menippum
976 1286 1007 1319 in
1017 1290 1030 1330 4
1058 1287 1156 1325 ediret,
1166 1291 1236 1324 aber
1251 1290 1347 1333 wenig

457 1322 535 1363 Ehre
553 1322 710 1364 eingelegt;
734 1327 930 1368 Peregrinum
947 1330 979 1359 in
994 1332 1103 1372 patria,
1138 1334 1277 1370 wowider
1301 1337 1347 1370 ein

458 1358 656 1407 ungenannter
671 1362 813 1410 Peregrini
837 1369 866 1398 in
878 1370 972 1411 patria
986 1382 1102 1403 errores
1113 1374 1192 1415 1665
1200 1382 1234 1417 zu
1243 1375 1346 1416 Helm⸗

455 1400 532 1449 ſtaͤdt
547 1418 577 1441 in
592 1417 614 1449 4
628 1408 749 1445 drucken
765 1412 870 1454 laſſen;
893 1425 989 1448 turres
998 1418 1106 1454 Babel;
1128 1420 1346 1459 gratitudinem

457 1448 489 1478 in
510 1448 586 1478 bene
609 1449 758 1486 meritos;
792 1452 863 1494 Joh.
880 1455 1012 1489 Sauberti
1050 1455 1186 1502 umbram;
1212 1456 1342 1500 ſummam

458 1487 598 1519 doctrinæ
613 1487 790 1525 chriſtianæ;
813 1493 877 1523 veri
894 1495 1051 1527 chriſtiani
1072 1497 1264 1533 libertatem;
1293 1495 1347 1531 in-

456 1530 640 1564 vitationem
657 1532 690 1563 ad
707 1533 929 1568 fraternitatem
951 1540 1074 1577 Chriſti;
1106 1543 1269 1577 chriſtianæ
1293 1546 1341 1578 ſo-

455 1573 576 1604 cietatis
593 1573 710 1615 ideam;
731 1576 902 1610 Herculem
916 1580 1125 1618 chriſtianum;
1152 1585 1220 1615 vale
1236 1586 1339 1619 acade-

453 1617 521 1648 miæ
536 1619 705 1660 tubingenſi
720 1622 850 1659 dictum;
870 1624 952 1667 freye
960 1626 1057 1664 Feder
1069 1637 1146 1662 vom
1156 1631 1338 1673 Uebelſtand

451 1662 510 1695 der
524 1661 643 1702 Kirche
659 1666 808 1701 GOttes;
828 1669 997 1710 geiſtliches
1011 1670 1167 1712 Gemaͤhl;
1191 1684 1269 1708 vom
1285 1679 1340 1709 be⸗

452 1704 514 1742 ſten
530 1703 650 1744 Beruff
659 1713 684 1738 ꝛc
707 1706 891 1748 geſchrieben,
917 1711 969 1750 ſich
985 1713 1114 1749 einmahl
1134 1718 1292 1754 Andream
1301 1724 1340 1749 de

449 1742 594 1776 Valentia
607 1748 759 1781 genennet,
775 1748 837 1778 und
856 1746 890 1785 iſt
908 1747 999 1787 1654,
1015 1756 1058 1792 27
1078 1750 1158 1791 Jun.
1177 1752 1338 1793 geſtorben.

450 1791 525 1820 Arn.
541 1792 584 1820 Fi.
600 1793 682 1827 Serp.

406 1824 615 1860 ANDREÆ
634 1828 718 1869 (Joh.
734 1828 856 1871 Wilh.),
876 1829 921 1864 ein
935 1830 1138 1876 evangeliſcher
1150 1835 1290 1879 Prediger
1305 1837 1337 1872 in

449 1866 537 1908 ſeiner
553 1866 767 1906 Vater⸗Stadt
786 1871 905 1915 Erfurt,
930 1866 1031 1916 ſchrieb
1053 1875 1273 1919 diſputationes
1298 1881 1337 1913 de

448 1909 574 1947 angelis,
597 1911 632 1944 de
648 1913 842 1953 ſubſiſtentia,
863 1917 915 1948 ſeu
929 1918 1075 1959 hypoſtaſi
1094 1922 1150 1954 &c.
1174 1923 1236 1958 und
1258 1924 1335 1966 ſtarb

450 1948 541 1998 1684,
557 1968 594 1991 21
614 1959 738 2002 Auguſti
754 1962 796 1997 im
809 1972 847 2003 41
865 1964 958 2006 Jahr.
999 1971 1052 2004 W,
1065 1971 1093 2000 d.

405 1993 618 2030 ANDREÆ
639 1995 857 2040 (Laurentius),
880 2002 926 2034 ein
948 2001 1129 2046 lutheriſcher
1150 2004 1334 2048 Theologus,

446 2043 506 2070 von
534 2040 621 2077 Halle
640 2039 758 2080 buͤrtig,
786 2049 853 2076 war
881 2047 935 2086 erſt
958 2044 1114 2088 fuͤrſtlicher
1142 2050 1353 2092 anhaͤltiſcher

446 2077 680 2125 Hof⸗Prediger,
705 2085 826 2126 hernach
841 2088 958 2125 Doctor
978 2089 1151 2132 Theologiaͤ,
1176 2098 1238 2128 und
1262 2097 1332 2130 Su⸗

443 2121 653 2165 perintendens
674 2133 707 2166 zu
731 2127 848 2166 Weida,
884 2128 1017 2171 Zwickau
1052 2136 1113 2166 und
1144 2133 1331 2177 Merſeburg,

445 2161 546 2201 ſchrieb
580 2163 882 2201 demonſtrarionem,
912 2168 994 2207 quod
1021 2170 1144 2203 eccleſia
1172 2173 1331 2212 pontificia

443 2210 597 2241 nunquam
613 2204 707 2236 fuerit
721 2206 846 2237 eccleſia
859 2216 948 2244 vera;
970 2211 1152 2244 anatomiam
1169 2215 1330 2248 oculorum

443 2246 670 2283 ſalomonicam,
692 2249 746 2283 wie
767 2251 837 2291 auch
860 2253 1049 2294 verſchiedene
1075 2257 1235 2302 Predigten
1267 2261 1328 2296 und

441 2294 685 2335 Diſputationes,
702 2300 763 2332 und
779 2300 856 2340 ſtarb
876 2302 964 2342 1634.
1007 2307 1061 2340 W,
1078 2309 1105 2339 d.

403 2327 620 2367 ANDKREÆ
635 2331 783 2374 (Paulus),
806 2333 851 2366 ein
866 2334 1006 2376 Prediger
1022 2337 1055 2370 in
1072 2341 1136 2374 dem
1154 2338 1329 2382 koͤniglichen

444 2372 577 2411 Schloſſe
600 2380 634 2413 zu
657 2374 891 2417 Coppenhagen,
908 2384 967 2412 von
987 2380 1119 2416 Medelbi
1141 2382 1171 2416 in
1194 2375 1326 2424 Juͤtland

441 2415 551 2456 buͤrtig,
573 2420 675 2451 wurde
683 2419 887 2462 nachgehends
893 2423 1026 2467 Biſchoff
1035 2429 1066 2461 in
1077 2431 1124 2463 der
1134 2429 1217 2469 Jnſel
1228 2430 1328 2469 Goth⸗

441 2457 522 2495 land,
541 2461 602 2491 und
619 2460 726 2500 endlich
741 2461 847 2502 Paſtor
863 2471 896 2506 zu
918 2465 1024 2503 Eutin,
1046 2468 1148 2507 ſchrieb
1170 2471 1231 2505 eine
1263 2472 1325 2506 Er⸗

438 2497 567 2537 klaͤrung
599 2505 655 2533 des
675 2501 871 2545 Catechiſmi,
894 2507 949 2540 wie
967 2508 1038 2546 auch
1060 2513 1110 2544 der
1154 2513 1323 2547 Sonn⸗ und

439 2536 800 2586 Feſt⸗ Tags ⸗ Epiſteln;
823 2548 887 2581 eine
895 2550 1030 2591 Hiſtorie
1040 2557 1094 2586 der
1101 2553 1323 2597 Auferſtehung

439 2584 572 2625 Chriſti;
595 2587 658 2620 eine
673 2591 797 2631 Poſtille
811 2591 865 2630 fuͤr
881 2593 930 2625 die
940 2593 1087 2635 Jugend,
1109 2596 1188 2636 nebſt
1210 2597 1322 2640 einigen

440 2627 735 2674 Leichen⸗Predigten,
753 2636 814 2667 und
836 2634 912 2675 ſtarb
936 2638 1026 2679 1632,
1063 2647 1068 2678 9
1088 2639 1183 2681 May,
1216 2642 1258 2675 im
1278 2652 1322 2683 70

438 2673 529 2712 Jahr.
573 2678 625 2708 W,
647 2670 674 2707 d.

396 2707 618 2743 ANDREÆ
639 2709 786 2753 (Paulus),
807 2712 851 2745 ein
860 2710 951 2749 Daͤne
966 2721 1025 2751 von
1041 2717 1253 2755 Cartamunde,
1262 2720 1323 2754 aus

438 2754 489 2787 der
502 2752 587 2794 Jnſel
603 2753 707 2794 Fuͤnen
722 2754 831 2797 buͤrtig,
850 2764 915 2791 war
939 2760 1046 2802 Paſtor
1062 2765 1123 2798 und
1137 2762 1322 2806 Praͤpoſitus

437 2797 486 2830 der
501 2793 623 2837 Kirchen
640 2804 673 2838 zu
692 2797 798 2839 Aſnen,
815 2800 916 2840 ſchrieb
934 2803 970 2835 de
987 2804 1086 2844 prima
1109 2808 1193 2841 cauſa
1220 2811 1249 2841 &
1269 2812 1321 2841 de-

434 2836 599 2876 pendentia
616 2836 753 2870 omnium
771 2840 889 2872 entium
905 2843 939 2873 ab
955 2844 1028 2886 ipſa,
1044 2846 1106 2880 und
1128 2846 1205 2889 ſtarb
1228 2848 1319 2890 1640,

436 2893 475 2923 25
492 2884 556 2920 Dec.
607 2889 660 2917 W,
682 2889 710 2919 d.

394 2918 622 2957 ANDREÆ,
643 2921 713 2962 ſiehe
726 2921 906 2959 Rudomina,
918 2925 1091 2968 (Andreas).

392 2963 601 2994 ANDREÆ
621 2961 772 3005 (Petrus),
797 2963 841 2998 ein
863 2965 935 3007 Poet
955 2972 1016 3001 von
1041 2969 1167 3013 Stolpe,
1188 2971 1260 3006 lebte
1277 2974 1319 3007 im

437 3005 475 3035 16
492 3005 618 3049 Seculo,
635 3008 696 3042 und
713 3005 816 3050 ſchrieb
836 3013 926 3046 unter
946 3012 1060 3046 andern
1083 3015 1118 3046 de
1143 3015 1268 3050 eſſentia
1291 3018 1320 3049 &

1435 616 1537 651 officio
1561 618 1690 659 Spiritus
1711 622 1820 658 ſancti;
1863 625 1982 665 ferner:
2002 627 2119 659 monita
2140 628 2278 670 politica,
2299 634 2321 666 ſ.

1435 660 1629 699 quæſtionum
1643 663 1672 693 &
1691 665 1878 698 diſcurſuum
1902 671 1939 700 de
1960 670 2045 702 omni
2068 672 2142 703 ſtatu
2174 673 2318 716 politico,

1432 700 1556 740 ejusque
1580 704 1658 736 bene
1682 705 1710 735 &
1730 708 1811 739 recte
1832 709 2023 751 gubernandi
2043 713 2144 750 modo,
2172 716 2203 749 in
2217 727 2238 748 2
2251 717 2318 754 Buͤ⸗

1430 751 1521 780 chern.
1559 747 1611 785 Jæ.

1386 790 1604 827 ANDREÆ
1626 793 1782 836 (Samuel)
1800 796 1843 829 ein
1864 798 2046 838 reformirter
2068 800 2249 845 Theologus,
2271 813 2317 844 ge⸗

1427 840 1537 881 bohren
1555 844 1636 883 1640
1655 853 1688 886 zu
1702 845 1839 887 Dantzig,
1854 855 1918 882 war
1930 852 2057 892 Erneſti
2085 849 2213 895 Andreaͤ
2228 851 2314 900 Sohn,

1431 883 1551 925 ſtudirte
1568 893 1600 927 zu
1614 886 1794 930 Heydelberg
1810 894 1870 925 und
1881 892 2070 932 Groͤningen,
2087 895 2155 935 hielt
2171 898 2222 937 ſich
2246 906 2315 932 eini⸗

1428 927 1463 959 ge
1474 922 1532 960 Zeit
1547 931 1579 964 zu
1600 924 1706 961 Bremen
1721 921 1789 967 auf,
1813 928 1878 969 that
1895 932 1974 963 1666
1984 924 2043 965 eine
2059 935 2144 973 Reiſe
2160 938 2231 973 nach
2253 938 2315 972 En⸗

1429 967 1556 1008 gelland,
1570 972 1655 1004 ward
1676 974 1758 1011 1670
1779 981 1811 1014 zu
1837 974 1973 1015 Herborn
1996 978 2145 1018 Profeſſor
2170 985 2220 1013 der
2240 982 2316 1021 grie⸗

1430 1009 1549 1050 chiſchen
1576 1012 1693 1054 Sprache
1708 1017 1768 1048 und
1779 1015 1911 1058 Hiſtorie,
1921 1018 2033 1058 darauf
2043 1029 2075 1061 zu
2091 1022 2180 1059 Baſel
2194 1026 2311 1061 Doctor

1428 1048 1608 1093 Theologiaͤ,
1628 1055 1723 1092 ferner
1743 1058 1821 1099 1673
1842 1059 1989 1102 Profeſſor
2005 1066 2052 1097 der
2067 1064 2231 1104 Redekunſt
2248 1071 2310 1101 und

1425 1091 1550 1134 Hiſtorie
1578 1092 1613 1139 zu
1605 1095 1772 1137 Marpurg,
1793 1100 1867 1134 denn
1876 1101 1956 1142 Prof
1976 1099 2136 1145 Theologiaͤ
2151 1108 2312 1146 extraordi⸗

1428 1133 1549 1171 narius,
1557 1136 1664 1174 endlich
1687 1132 1748 1171 aber
1768 1140 1907 1181 Primarius
1937 1142 2024 1180 allda,
2041 1145 2101 1178 und
2118 1144 2193 1185 ſtarb
2218 1146 2311 1187 1699,

1427 1175 1447 1207 6
1461 1176 1540 1218 Jan.
1561 1177 1659 1212 Seine
1668 1179 1832 1222 Schrifften
1843 1183 1903 1223 ſind
1912 1194 2037 1217 examen
2046 1189 2186 1227 generale
2202 1190 2309 1222 cabba-

1424 1217 1459 1248 læ
1472 1218 1687 1261 philoſophicæ
1701 1225 1791 1254 Henr.
1815 1226 1887 1260 Mori,
1900 1238 1968 1258 cum
1976 1227 2153 1270 digreſſione
2162 1233 2197 1263 de
2207 1232 2307 1272 philo-

1423 1255 1617 1299 ſophicorum
1626 1260 1807 1303 ſcriptorum
1822 1264 2077 1307 interpretatione
2094 1271 2122 1301 &
2131 1270 2309 1305 Helmontii

1426 1302 1634 1337 delineatione
1656 1308 1808 1350 alphabeti
1823 1311 1952 1347 ebraici;
1982 1315 2112 1355 Epiſtola
2134 1316 2301 1358 apologeti-

1426 1353 1460 1372 ca
1476 1346 1509 1375 ad
1524 1347 1618 1378 Henr.
1632 1349 1766 1383 Morum,
1790 1359 1846 1388 qua
1869 1360 1993 1382 examen
2022 1356 2149 1388 cabbalæ
2173 1358 2308 1392 vindica-

1423 1395 1488 1420 tur;
1530 1388 1694 1430 diſquiſitio
1724 1391 1899 1433 theologica
1928 1396 1965 1426 de
1990 1398 2127 1431 abſoluto
2163 1399 2305 1436 decreto;

1421 1433 1517 1473 kurtze
1532 1434 1707 1476 Erklaͤrung
1727 1439 1841 1477 einiger
1865 1442 2018 1483 Spruͤche
2038 1445 2073 1478 A.
2088 1457 2116 1479 u.
2133 1448 2180 1481 N.
2199 1450 2304 1489 Teſta⸗

1418 1476 1540 1504 ments;
1554 1471 1680 1515 Falſitas
1701 1470 1847 1519 veritatis
1854 1479 1913 1509 toti
1930 1480 2041 1511 mundo
2057 1482 2228 1520 declaratæ,
2249 1485 2304 1519 wi⸗

1417 1519 1467 1552 der
1483 1517 1537 1552 des
1551 1519 1737 1562 ungariſchen
1751 1524 1900 1567 Biſchoffs
1914 1528 1958 1561 G.
1978 1528 2138 1565 Barzonis
2153 1531 2307 1572 aufruͤhri⸗

1418 1560 1474 1601 ſche
1490 1559 1621 1603 Schrifft
1639 1563 1749 1596 veritas
1765 1566 1824 1597 toti
1849 1566 1962 1600 mundo
1989 1569 2154 1607 declarata,
2177 1574 2304 1609 darinne

1417 1610 1447 1636 er
1467 1601 1599 1645 beweiſen
1613 1600 1725 1647 wollen,
1738 1609 1787 1642 der
1803 1609 1916 1652 Kayſer
1926 1611 1971 1652 ſey
1986 1612 2062 1649 nicht
2078 1614 2257 1652 verbunden,
2269 1617 2301 1651 in

1415 1644 1538 1684 Ungarn
1556 1648 1598 1680 die
1613 1648 1820 1690 Proteſtanten
1833 1660 1866 1689 zu
1882 1652 2005 1687 dulten;
2008 1654 2118 1695 Probe
2132 1662 2186 1690 des
2195 1661 2300 1699 catho⸗

1415 1685 1524 1724 liſchen
1549 1688 1689 1723 Manna,
1723 1692 1813 1724 wider
1836 1693 1961 1726 Robert
1982 1695 2069 1727 Kolb
2089 1704 2148 1731 von
2172 1699 2300 1742 Mayntz

1412 1730 1551 1758 πϱογευμα
1571 1730 1685 1754 mannæ
1702 1726 1812 1758 cathol.
1833 1731 1912 1768 quod
1925 1731 2077 1763 Robertus
2094 1736 2180 1766 abbas
2200 1737 2299 1768 refor-

1412 1765 1502 1802 matis
1515 1769 1668 1808 appoſuit;
1689 1772 1763 1804 Diſſ.
1780 1774 1817 1804 de
1832 1773 1991 1813 ſepulchro
2004 1777 2129 1814 Adami,
2144 1782 2181 1810 de
2201 1783 2299 1814 ſalute

1409 1804 1527 1842 Adami,
1542 1809 1578 1838 de
1594 1809 1661 1849 lege
1680 1811 1802 1844 talionis
1817 1813 1935 1849 divinæ,
1951 1817 1988 1846 de
2003 1817 2126 1849 Simone
2137 1827 2235 1856 mago,
2258 1821 2297 1852 de

1412 1848 1561 1882 limitibus
1576 1849 1713 1891 obſequii
1726 1852 1857 1891 humani,
1873 1855 1909 1888 de
1926 1856 2104 1898 paſſionibus
2119 1861 2231 1895 Meſſiæ
2244 1874 2296 1895 ea-

1414 1898 1541 1930 rumque
1558 1891 1650 1929 exitu,
1667 1893 1702 1924 de
1722 1894 1895 1939 bogomilis,
1907 1899 1942 1930 de
1957 1899 2116 1941 ſepulchro
2134 1904 2296 1938 Mahume-

1412 1932 1473 1973 dis;
1483 1933 1701 1977 diſputationes
1717 1939 1745 1969 II
1759 1939 1795 1971 de
1816 1940 1877 1972 ritu
1892 1942 2173 1977 confirmationis
2145 1942 2179 1987 in
2193 1948 2295 1980 eccle-

1411 1975 1451 2007 ſia
1466 1976 1642 2020 proteſtant.
1659 1988 1799 2012 retento;
1804 1980 2030 2027 diſputationes
2046 1988 2077 2018 II
2090 1988 2126 2020 de
2142 1990 2223 2022 notis
2243 2001 2295 2022 ec-

1410 2024 1512 2059 cleſiæ.
1556 2029 1616 2059 Un.

1368 2074 1583 2110 ANDREÆ
1603 2075 1764 2120 (Tobias),
1785 2077 1929 2121 gebohren
1949 2089 1983 2124 zu
2004 2082 2176 2125 Braunfels
2196 2087 2226 2120 in
2245 2091 2293 2121 der

1409 2119 1592 2161 Grafſchafft
1606 2122 1724 2159 Solms
1740 2125 1830 2166 1604,
1850 2133 1888 2164 19
1904 2126 2038 2169 Auguſti,
2061 2133 2180 2169 wurde,
2196 2135 2247 2167 als
2262 2143 2292 2168 er

1410 2158 1440 2192 in
1459 2159 1561 2199 ſeinem
1583 2162 1777 2201 Vaterlande,
1808 2160 1850 2205 zu
1852 2166 1991 2205 Bremen,
2030 2169 2207 2210 Groͤningen
2230 2177 2291 2207 und

1406 2198 1514 2240 Leyden
1539 2200 1655 2240 ſtudiret
1675 2202 1764 2242 hatte,
1788 2212 1821 2245 zu
1846 2203 2022 2250 Groͤningen
2041 2210 2121 2249 1634
2144 2203 2291 2254 Profeſſor

1407 2241 1605 2284 Hiſtoriarum
1639 2249 1701 2279 und
1717 2245 1809 2287 graͤcaͤ
1832 2249 1960 2290 Lingvä,
2007 2256 2067 2287 und
2088 2256 2289 2294 Bibliotheca⸗

1406 2285 1474 2317 rius
1491 2288 1538 2321 der
1552 2286 1714 2324 Academie,
1728 2297 1793 2322 war
1808 2290 1853 2323 ein
1867 2292 1972 2332 groſſer
1994 2294 2115 2334 Freund
2139 2300 2193 2331 des
2214 2300 2289 2332 Car⸗

1403 2325 1476 2362 teſii,
1486 2325 1585 2365 ſchrieb
1598 2327 1736 2360 methodi
1744 2331 1908 2362 carteſianæ
1918 2332 2109 2366 aſſertionem
2118 2344 2223 2367 contra
2234 2338 2285 2376 Ja-

1404 2367 1515 2394 cobum
1537 2366 1682 2406 Regium;
1712 2368 1834 2400 brevem
1857 2372 2091 2414 replicationem
2119 2377 2209 2416 Regii
2233 2389 2285 2409 ex-

1401 2407 1562 2447 plicationi
1598 2412 1637 2450 de
1636 2416 1739 2439 mente
1763 2410 1891 2442 humana
1914 2414 2097 2455 oppoſitam;
2114 2417 2283 2451 Henricum

1399 2449 1584 2488 Naſſovium,
1605 2454 1665 2487 und
1676 2455 1751 2495 ſtarb
1764 2456 1852 2497 1676,
1872 2466 1910 2497 17
1925 2460 1992 2495 Oct.
2014 2461 2093 2494 Vitæ
2102 2463 2182 2496 Prof.
2196 2466 2281 2496 Grœ-

1400 2499 1483 2538 ning.
1500 2501 1531 2531 B.

1357 2537 1567 2573 ANDREÆ
1589 2540 1709 2583 (Tob.),
1730 2543 1775 2576 ein
1791 2543 1938 2582 Medicus
1955 2554 2013 2580 von
2032 2548 2169 2585 Bremen,
2174 2549 2281 2590 geboh⸗

1396 2589 1447 2614 ren
1467 2590 1502 2613 11
1521 2583 1597 2620 Aug.
1617 2583 1707 2624 1633,
1722 2590 1807 2620 ward
1820 2589 1873 2627 erſt
1891 2591 1972 2625 1662
1988 2593 2134 2634 Profeſſor
2149 2595 2280 2631 Medici⸗

1398 2626 1438 2655 naͤ
1450 2626 1510 2655 und
1527 2621 1718 2672 Philoſophiaͤ
1732 2635 1765 2668 zu
1779 2629 1952 2671 Duisburg,
1967 2632 2052 2671 gieng
2069 2634 2191 2672 hernach
2207 2636 2278 2676 nach

1397 2668 1647 2707 Hertzogenbuſch,
1660 2670 1719 2701 und
1737 2671 1821 2703 ward
1837 2672 1949 2710 darauf
1961 2676 2041 2713 1674
2048 2675 2195 2715 Profeſſor
2204 2679 2277 2714 Me⸗

1396 2711 1493 2740 dicinaͤ
1508 2714 1541 2746 zu
1559 2709 1735 2749 Franckfurt
1751 2720 1789 2744 an
1806 2714 1853 2745 der
1867 2715 1957 2750 Oder,
1972 2716 2077 2755 endlich
2097 2719 2170 2753 1681
2197 2720 2276 2759 Pro⸗

1398 2752 1481 2790 feſſor
1503 2751 1694 2793 Philoſophiaͤ
1713 2760 1745 2794 zu
1769 2754 1935 2796 Franecker,
1969 2765 2015 2790 wo
2038 2767 2067 2791 er
2090 2759 2160 2797 auch
2183 2764 2236 2796 den
2254 2770 2271 2803 5

1396 2794 1475 2831 Jan.
1496 2796 1572 2832 1685
1592 2795 1737 2835 geſtorben.
1790 2796 1832 2831 Er
1844 2799 1902 2837 gab
1907 2795 2012 2841 ſeinen
2032 2801 2272 2844 Anverwandten,

1394 2839 1521 2868 Ludov.
1539 2838 1682 2873 Bilſium,
1706 2841 1761 2868 vor
1784 2841 1837 2872 den
1859 2839 1996 2880 Erfinder
2018 2845 2068 2876 der
2104 2844 2272 2886 Chirurgiæ

1395 2879 1597 2907 transfuſoriæ
1612 2880 1688 2914 aus,
1709 2879 1807 2913 wollte
1833 2881 1921 2921 deſſen
1937 2883 1963 2920 ſo
1984 2882 2096 2924 geheim
2121 2885 2272 2927 gehaltene

1396 2919 1541 2960 Methode
1558 2926 1591 2960 zu
1606 2921 1779 2962 balſamiren
1795 2924 1871 2961 nicht
1883 2924 1967 2959 allein
1985 2929 2047 2960 aus
2068 2931 2133 2963 dem
2153 2938 2271 2970 eigenen

1397 2963 1477 2990 MSt.
1496 2965 1548 2992 des
1564 2963 1648 3000 Bilſii
1667 2963 1796 2997 erlernet,
1812 2963 1930 3001 ſondern
1947 2966 2017 3004 auch
2035 2967 2064 3000 in
2085 2962 2182 3004 vielen
2197 2969 2270 3006 Stuͤ⸗

1397 3004 1458 3039 cken
1474 3005 1622 3047 verbeſſert
1636 3006 1739 3049 haben,
1763 3006 1862 3047 ſchrieb
1884 3009 1943 3048 alſo
1966 3012 2117 3046 bilancem
2141 3018 2271 3049 exactam
