1539 2146
902 382 990 421 446

528 488 791 532 Schweigens
822 490 967 531 werth,
1013 486 1252 523 bewundern
1288 489 1349 522 die

527 548 745 591 Schatten;
768 546 996 588 begieriger
1015 548 1107 584 aber
1129 546 1256 582 trinkt
1275 550 1350 582 das

527 615 615 657 Ohr
632 615 702 649 des
718 614 926 656 Haufens,
946 611 1135 655 Schulter
1153 620 1200 647 an
1218 612 1352 653 Schul⸗

528 677 589 708 ter
637 667 858 715 gedraͤngt,
910 675 986 707 das
1027 672 1113 710 Lied
1157 678 1235 706 von
1280 671 1354 707 den

530 737 762 781 Schlachten
808 739 886 773 und
921 744 1000 772 von
1040 734 1257 780 verjagten
1291 734 1354 777 Ty⸗

528 806 722 840 rannen.“

603 943 653 978 An
670 941 822 983 mehreren
837 939 940 977 Orten
960 940 1066 983 preiſet
1089 939 1191 982 Horaz
1218 940 1274 975 den
1291 939 1356 975 Les⸗

528 1001 643 1045 biſchen
666 999 810 1045 Buͤrger,
839 998 1015 1043 Alcaͤus,
1052 1002 1103 1036 der
1125 1001 1171 1036 die
1191 1001 1265 1042 Lyra
1295 1000 1356 1043 alſo

529 1072 566 1107 zu
585 1064 772 1107 beherrſchen
791 1063 946 1105 wußte,
970 1062 1068 1105 „daß
1096 1072 1151 1104 er,
1176 1064 1239 1098 ein
1257 1064 1359 1105 tapf⸗

529 1139 595 1167 rer
629 1129 821 1172 Krieger,
857 1129 969 1173 ſelbſt
1002 1133 1123 1165 unter
1155 1131 1224 1165 den
1258 1129 1360 1171 Waf⸗

529 1191 618 1232 fen,
653 1191 745 1225 oder
772 1197 886 1226 wenn
911 1197 950 1223 er
975 1189 1052 1225 das
1076 1187 1360 1231 umhergetrie⸗

530 1257 627 1294 bene
651 1257 794 1300 Schiff
812 1252 858 1299 am
884 1257 1023 1299 naſſen
1044 1257 1135 1298 Ufer
1165 1255 1360 1298 beveſtigt

529 1319 668 1364 hatte,
694 1322 763 1355 den
790 1320 988 1361 Bacchus,
1016 1318 1077 1356 die
1101 1319 1266 1360 Muſen,
1302 1317 1362 1353 die

528 1384 700 1422 Mutter
732 1385 802 1417 der
825 1382 957 1423 Liebe,
1000 1383 1079 1416 und
1117 1382 1231 1425 ihren
1265 1379 1363 1417 Kna⸗

531 1445 602 1481 ben
624 1446 795 1487 beſang,
839 1444 909 1480 mit
944 1445 1067 1488 ihnen
1101 1443 1188 1485 auch
1226 1442 1365 1487 ſeinen

534 1503 910 1552 ſchwarzaͤugigen,
939 1508 1290 1551 ſchwarzlockigen
1312 1507 1365 1549 Ly⸗

531 1573 607 1609 kus
627 1574 695 1615 *).“
748 1572 793 1609 Er
805 1575 917 1608 nennet
933 1573 1010 1613 ſeine
1021 1572 1114 1613 Muſe
1134 1574 1181 1607 die
1200 1569 1368 1612 drohen⸗

529 1636 594 1675 de,
629 1637 658 1677 ſo
690 1636 747 1671 wie
785 1637 839 1671 des
869 1633 1144 1677 Steſichorus
1171 1634 1216 1669 die
1244 1633 1368 1673 ernſte

537 1698 726 1737 Kamoͤne.
783 1702 848 1737 Und
868 1698 1136 1743 Quintilian,
1166 1701 1259 1744 deſſen
1280 1698 1367 1738 ſtren⸗

525 1768 606 1803 gem
628 1761 743 1806 Urtheil
769 1763 827 1799 wir
854 1765 964 1798 trauen
981 1756 1106 1802 doͤrfen,
1146 1757 1211 1804 haͤlt
1240 1763 1295 1796 den
1314 1759 1369 1796 Al⸗

1269 1817 1369 1857 caͤus

568 1878 602 1908 *)
623 1877 683 1907 Ode
698 1883 742 1909 32.
761 1877 798 1908 B.
814 1885 837 1910 I.
