3008 4627
968 605 1024 652 Ja
1035 616 1116 646 man
1132 609 1281 652 berichtet
1291 617 1357 646 von
1369 607 1512 656 gewiſſer
1523 605 1659 653 Hand/
1684 606 1751 656 daß

869 657 923 699 als
945 656 1040 705 dieſer
1058 656 1160 704 groſſe
1178 654 1291 704 Czaar
1307 641 1503 704 perſoͤhnlich
1521 654 1623 705 Anno
1656 658 1753 699 1697.

870 717 946 761 Se.
956 704 1126 768 Majeſtaͤt
1150 710 1207 762 als
1207 717 1419 765 damahligen
1439 711 1661 766 Churfuͤrſten
1681 714 1752 755 und

864 775 1104 818 ſouverainen
1115 763 1290 814 Herzogen
1299 755 1366 807 von
1376 765 1539 815 Preuſſen
1552 777 1590 815 zu
1607 761 1757 813 Koͤnigs⸗

872 833 952 877 berg
969 827 1127 874 beſuchet/
1158 831 1225 870 und
1235 816 1495 877 Bruͤderſchafft
1503 828 1563 869 mit
1573 826 1756 877 deroſelben

870 887 1018 936 errichtet
1028 887 1141 934 hatte/
1173 885 1223 929 Er
1234 887 1432 934 vornemlich
1450 886 1527 930 Se.
1548 887 1688 938 Majeſt.
1702 899 1756 924 in-

870 944 963 997 ſtiret
973 942 1031 996 ſich
1053 940 1161 990 Jhrer
1180 953 1248 986 von
1280 942 1393 986 GOtt
1422 942 1625 991 verliehenen
1648 939 1756 989 Herr⸗

872 1002 1015 1053 lgkeit/
1052 1002 1158 1052 Macht
1186 1003 1250 1046 und
1274 991 1449 1049 Autoritaͤt
1479 998 1630 1044 Standes
1642 994 1756 1049 maͤßig

870 1065 910 1106 zu
920 1055 1142 1104 gebrauchen/
1153 1059 1219 1099 und
1229 1057 1277 1098 die
1287 1058 1458 1098 meritirte
1471 1051 1606 1106 Koͤnigl.
1617 1053 1755 1106 Crohne

873 1121 952 1172 auff
957 1119 1006 1170 ihr
1024 1117 1149 1168 Haupt
1170 1131 1207 1169 zu
1219 1116 1321 1169 ſetzen.

964 1199 1084 1246 Seine
1092 1193 1262 1251 Majeſtaͤt
1282 1201 1333 1242 der
1341 1192 1452 1247 Koͤnig
1464 1208 1530 1242 von
1539 1196 1673 1248 Pohlen
1682 1196 1756 1240 Au⸗

869 1257 992 1310 guſtus
1002 1262 1043 1298 II.
1061 1260 1114 1300 und
1128 1258 1182 1307 die
1186 1253 1367 1309 mehreſte
1367 1253 1545 1308 geiſtliche
1577 1258 1637 1300 und
1656 1256 1759 1300 welt⸗

871 1308 957 1367 liche
981 1304 1128 1366 Grandes
1163 1310 1270 1360 haben
1287 1322 1325 1358 zu
1333 1300 1430 1361 dieſer
1439 1307 1628 1360 Croͤhnung
1637 1305 1758 1350 muͤnd⸗

871 1370 1018 1422 licheund
1015 1364 1233 1425 ſchrifftliche
1244 1370 1485 1407 Gratulationes
1500 1367 1644 1418 gethan/
1652 1363 1699 1415 und
1719 1368 1759 1418 iſt

869 1431 927 1472 der
936 1428 1095 1477 Biſchoff
1109 1438 1178 1468 von
1197 1424 1381 1467 Ermeland
1399 1425 1431 1466 in
1452 1423 1603 1476 Perſohn
1622 1425 1757 1473 deshal⸗

869 1488 928 1530 ber
938 1484 1020 1533 nach
1036 1479 1250 1534 Koͤnigsberg
1261 1491 1301 1535 zu
1307 1484 1391 1535 ihrer
1400 1479 1586 1538 Majeſtaͤt
1593 1473 1629 1534 in
1632 1483 1757 1536 Preuſ⸗

869 1548 921 1602 ſen
930 1547 1078 1589 kommen

981 1622 1071 1666 Des
1089 1613 1241 1668 Koͤniges
1268 1628 1334 1661 von
1367 1619 1502 1671 Pohlen
1527 1618 1673 1669 Majeſt.
1699 1618 1756 1659 als

863 1673 925 1716 der
948 1670 1154 1722 vornehmſte
1179 1669 1400 1723 Intereſſente
1428 1670 1488 1719 bey
1507 1671 1603 1721 dieſer
1621 1667 1761 1720 affaire/

868 1729 977 1780 haben
996 1734 1051 1773 der
1076 1729 1195 1778 Crohn
1212 1729 1348 1780 Pohlen
1371 1730 1534 1780 Obriſten
1556 1725 1756 1777 Schencken

867 1783 987 1831 Herrn
997 1793 1065 1822 von
1082 1782 1297 1829 Tobiainsky
1315 1783 1369 1821 als
1385 1778 1593 1832 Ablegatum
1610 1773 1660 1827 mit
1675 1771 1756 1827 voͤl⸗

866 1841 953 1890 ligen
961 1839 1062 1884 plein
1078 1841 1232 1891 pouvoir
1242 1837 1424 1889 abgeſand/
1440 1836 1576 1883 Seiner
1585 1831 1757 1893 Majeſtaͤt

861 1914 914 1962 zu
932 1907 998 1954 der
1015 1901 1272 1962 Preußiſchen
1290 1901 1453 1960 Crohne
1474 1904 1557 1951 und
1576 1900 1754 1960 Scepter

861 1975 913 2021 zu
923 1970 1163 2021 gratuliren.

967 2047 1124 2094 Solcher
1135 2045 1271 2096 Geſtalt
1280 2047 1368 2096 ſitzen
1388 2037 1448 2092 ihre
1470 2036 1609 2093 Koͤnigl.
1606 2043 1754 2091 Majeſt.

861 2106 897 2148 in
904 2099 1013 2152 Jhrer
1025 2097 1160 2150 Koͤnigl.
1170 2098 1301 2149 Pracht
1312 2101 1380 2141 und
1391 2098 1590 2150 Herrligkeit
1610 2100 1679 2140 und
1700 2100 1755 2139 de⸗

865 2168 904 2200 ro
924 2151 1060 2203 Koͤnigl.
1071 2151 1152 2202 hohe
1162 2151 1305 2205 Familie
1324 2151 1355 2193 in
1375 2153 1466 2195 deme
1483 2151 1588 2202 ihrem
1605 2147 1755 2195 Stande

861 2213 1118 2264 zukommenden
1136 2208 1350 2263 Koͤniglichen
1369 2209 1499 2263 Ehren/
1509 2213 1576 2256 und
1587 2209 1682 2262 ſeynd
1693 2220 1754 2252 an⸗

863 2278 965 2315 deren
983 2265 1138 2315 Koͤnigen
1154 2272 1223 2315 und
1251 2270 1328 2312 dero
1358 2263 1554 2320 koͤniglichen
1591 2261 1753 2321 Haͤuſern

856 2330 963 2383 gleich
980 2317 1140 2382 geachtet.

936 2420 1045 2470 Waß
1056 2421 1113 2461 der
1122 2416 1236 2472 Papſt
1247 2414 1527 2471 Jnnocentius
1536 2418 1608 2457 XII.
1621 2416 1682 2465 ſich
1696 2415 1758 2459 bey

864 2471 965 2521 dieſer
984 2466 1198 2516 Koͤniglichen
1218 2465 1403 2516 Erhebung
1429 2462 1673 2513 unterfangen/
1700 2465 1759 2515 ſol⸗

866 2531 944 2575 ches
963 2528 1001 2577 iſt
1023 2525 1197 2565 bekannt/
1205 2522 1267 2579 ſein
1284 2524 1402 2562 Breve
1428 2522 1559 2574 Papale
1570 2518 1679 2570 aber/
1686 2512 1713 2573 ſo
1726 2530 1761 2564 er

861 2589 971 2628 Anno
988 2594 1074 2631 1702
1094 2578 1292 2634 publiciren
1310 2581 1444 2633 laſſen/
1466 2584 1535 2626 und
1548 2579 1635 2632 Sr.
1647 2573 1751 2633 Maͤ⸗

864 2642 976 2704 jeſtaͤt
991 2646 1154 2699 gerechte
1170 2649 1253 2692 und
1280 2645 1410 2698 heilige
1425 2645 1604 2696 weltliche
1622 2641 1753 2693 Koͤni⸗

866 2701 978 2758 gliche
996 2700 1164 2750 Wuͤrde
1174 2717 1218 2742 ex
1236 2703 1415 2740 Poteſtate
1425 2704 1547 2751 Papali
1563 2699 1757 2749 impugni-

866 2762 927 2797 ren
942 2754 1102 2793 wollen/
1125 2752 1163 2801 iſt
1179 2750 1278 2798 durch
1294 2750 1347 2794 die
1372 2749 1587 2791 Deduction
1605 2747 1758 2803 Paͤbſt⸗

865 2813 975 2868 licher
995 2808 1143 2867 Unfug
1154 2812 1294 2858 wieder
1314 2813 1373 2858 die
1390 2812 1533 2860 Crohn
1543 2809 1758 2865 Preußen:

864 2867 1074 2923 Dergeſtalt
1097 2865 1355 2918 abgefertiget/
1381 2868 1450 2910 und
1475 2865 1537 2920 ſein
1556 2863 1758 2917 unbefugtes

865 2925 1114 2972 Unternehmen
1140 2925 1209 2964 und
1234 2924 1470 2962 Attentatum
1489 2914 1571 2967 uͤber
1588 2917 1751 2971 Crohnen

864 2989 935 3024 und
951 2981 1111 3026 Koͤnige/
1128 2980 1160 3028 ſo
1177 2992 1244 3021 von
1261 2979 1484 3021 Niemanden
1498 2983 1555 3020 als
1564 2982 1639 3020 dem
1646 2977 1753 3026 Him⸗

868 3040 934 3080 mel
949 3038 1016 3076 und
1039 3037 1165 3085 groſſen
1179 3036 1292 3079 GOtt
1321 3037 1556 3082 dependiren/
1587 3032 1649 3084 ſich
1665 3036 1753 3075 einer

867 3092 1074 3146 Cognition
1092 3095 1161 3132 aus
1178 3086 1387 3142 geiſtlicher/
1389 3085 1631 3144 Pfaffiſcher/
1640 3092 1709 3132 und
1720 3092 1754 3131 in

867 3156 925 3195 der
944 3150 1078 3198 heiligen
1089 3145 1244 3201 Schrifft
1259 3147 1453 3196 verfluchter
1472 3145 1637 3199 Hoffarth
1657 3155 1758 3194 anzu⸗

869 3207 1021 3260 maſſen/
1040 3203 1214 3255 dergeſtalt
1239 3201 1493 3246 beantwortet/
1513 3202 1579 3253 daß
1602 3205 1664 3247 alle
1679 3199 1756 3247 Roͤ⸗

866 3267 962 3322 miſch
971 3264 1174 3317 Catholiſche
1185 3259 1324 3317 Koͤnige
1339 3267 1408 3308 und
1418 3261 1598 3314 Potentzen
1607 3262 1745 3316 hierauß

867 3329 920 3365 ein
938 3325 1039 3372 helles
1055 3319 1140 3372 Licht
1159 3315 1357 3374 ſchoͤpffen/
1382 3322 1452 3364 und
1470 3316 1552 3364 uͤber
1573 3322 1634 3362 des
1648 3317 1749 3367 Pab⸗

869 3386 935 3435 ſtes
951 3381 1072 3427 Unfug
1094 3377 1153 3428 ſich
1169 3376 1430 3421 Scandaliſiren
1447 3370 1585 3429 muͤſſen.
1658 3374 1751 3422 Wie

869 3449 961 3480 dann
978 3449 1022 3478 ex
1031 3435 1178 3478 hiſtoria
1214 3439 1235 3478 &
1250 3429 1365 3488 Actis,
1380 3437 1446 3479 und
1465 3432 1753 3489 Diplomatibus,

870 3494 1085 3550 fuͤrnehmlich
1102 3497 1158 3541 der
1168 3492 1312 3546 Kaͤyſere
1322 3495 1506 3550 Friderici
1516 3498 1541 3542 I.
1550 3497 1619 3542 und
1629 3491 1755 3544 Ludo⸗

871 3558 944 3604 vici
962 3553 1164 3605 Bavari/
1183 3559 1252 3599 und
1269 3550 1420 3603 Koͤniges
1430 3553 1617 3611 Philippi
1637 3558 1696 3596 III.
1723 3553 1757 3596 in

872 3612 1131 3664 Franckreich/
1161 3612 1244 3661 auch
1267 3613 1407 3654 anderer
1426 3612 1552 3663 groſſen
1578 3611 1759 3658 Potentzen

878 3670 988 3720 Klahr
1007 3677 1116 3717 genug
1135 3667 1381 3719 nachzuſehen/
1398 3668 1463 3720 daß
1474 3672 1523 3711 die
1540 3664 1670 3722 Paͤbſte
1682 3664 1762 3710 uͤber

880 3725 1044 3776 weltliche
1044 3715 1225 3775 Dignitaͤte
1240 3721 1343 3771 nichts
1353 3729 1390 3769 zu
1400 3720 1660 3772 cognoſciren.
1675 3710 1764 3770 Conf.

877 3785 1028 3824 Goldaſt.
1045 3780 1185 3826 Conſtit.
1212 3778 1231 3827 &
1241 3784 1322 3819 Acta
1341 3782 1475 3825 Imperii
1488 3783 1600 3832 paſſim
1623 3785 1728 3821 Tom.
1740 3790 1764 3818 I.

872 3843 904 3871 2.
919 3837 959 3866 Et
975 3831 1151 3877 ſcriptores
1170 3841 1223 3867 rer
1250 3824 1440 3867 Germanic.
1458 3833 1488 3867 &
1508 3824 1718 3866 Francicaer.

968 3907 1058 3952 Den
1074 3906 1232 3958 Rang/
1243 3900 1404 3954 Wuͤrde
1421 3906 1491 3947 und
1507 3899 1651 3954 reſpect
1667 3900 1757 3953 Sr.

1805 596 1967 648 Koͤnigl.
2006 595 2171 653 Majeſtaͤt
2196 599 2238 641 in
2264 595 2462 652 Preußen
2485 587 2694 647 betreffend;

1804 656 1836 706 ſo
1854 646 1949 706 ſeynd
1969 654 2100 704 dieſelbe
2117 658 2201 696 allen
2211 650 2363 705 Koͤnigen
2380 652 2413 694 in
2423 656 2479 695 der
2489 652 2595 696 Welt
2605 652 2688 695 hier⸗

1805 709 1904 749 innen
1930 709 2018 756 billig
2044 707 2141 754 gleich
2160 707 2315 754 geachtet.
2374 706 2494 750 Dann
2509 706 2695 757 deroſelben

1805 759 2081 808 Souverainitaͤt
2092 767 2160 805 und
2172 762 2307 813 Crohne
2329 761 2409 803 eben
2418 763 2449 812 ſo
2459 758 2693 802 immediatè,

1807 826 1862 864 als
1881 826 2019 866 anderer
2037 816 2166 871 Koͤnige
2185 833 2252 866 von
2282 821 2454 870 GOTT
2463 820 2694 873 dependiret.

1806 881 1966 933 Deßfals
1983 882 2069 933 ſeind
2096 879 2171 925 Sr.
2189 879 2326 931 Koͤnigl.
2344 873 2514 932 Majeſtaͤt
2533 878 2617 928 nicht
2639 888 2695 927 ge⸗

1808 937 1917 985 halten
1935 942 1968 980 in
1986 937 2128 987 Reſpect
2153 940 2228 979 oder
2244 936 2355 986 Rang
2373 936 2522 980 andern
2538 935 2621 983 auch
2630 936 2694 978 den

1809 990 1974 1044 Aelteſten
1992 983 2147 1036 Koͤnigen
2166 989 2204 1027 in
2218 991 2306 1029 loco
2316 989 2450 1028 Tertio
2469 991 2581 1028 etwas
2597 985 2696 1035 nach⸗

1807 1045 1961 1094 zugeben.
2018 1034 2138 1089 Dann
2149 1048 2195 1086 da
2213 1046 2264 1086 die
2273 1039 2444 1096 gecroͤhnte
2452 1038 2612 1093 Haͤupter
2622 1047 2692 1086 und

1806 1102 1937 1156 Koͤnige
1951 1112 2049 1148 unter
2057 1101 2119 1156 ſich
2124 1107 2234 1147 keinen
2243 1103 2354 1154 Rang
2372 1102 2464 1152 mehr
2481 1102 2594 1152 halten
2610 1106 2696 1145 wol⸗

1806 1165 1895 1206 len/
1914 1163 2050 1210 ſondern
2069 1164 2119 1205 ein
2136 1163 2222 1210 jeder
2242 1161 2302 1215 ſich
2320 1158 2376 1213 fuͤr
2394 1159 2474 1213 ſeine
2489 1160 2642 1214 Perſohn
2659 1162 2695 1203 in

1808 1215 1978 1271 Dignitaͤt
1991 1216 2189 1270 Herrligkeit
2207 1221 2275 1262 und
2293 1217 2407 1271 Ehren
2434 1219 2464 1267 ſo
2481 1217 2559 1267 hoch
2584 1211 2696 1267 traͤget

1810 1279 1864 1328 alß
1884 1281 1940 1320 der
1966 1264 2137 1331 andere;
2168 1275 2263 1327 Auch
2292 1279 2357 1321 das
2375 1272 2566 1325 Alterthum
2583 1274 2695 1324 Jhrer

1809 1332 1970 1382 Crohnen
1988 1342 2044 1380 zur
2060 1329 2252 1380 Ordnunge
2268 1333 2327 1373 des
2337 1329 2486 1381 Ranges
2504 1329 2587 1372 nicht
2602 1331 2695 1379 mehr

1810 1384 1921 1431 halten
1938 1382 2127 1430 nochgelten
2145 1382 2244 1430 laſſen
2269 1384 2418 1424 wollen:
2445 1380 2504 1429 Ja
2528 1368 2617 1438 ſelbſt
2635 1380 2695 1431 hat

1811 1454 1861 1494 die
1879 1448 2039 1505 Capelle
2047 1448 2232 1503 Papalis
2251 1453 2320 1492 und
2337 1455 2393 1491 der
2401 1445 2592 1500 Paͤbſtliche
2603 1447 2702 1500 Hoff

1799 1496 1872 1545 von
1889 1504 2058 1551 uhralters
2087 1502 2180 1553 her/
2204 1504 2267 1545 den
2281 1496 2503 1551 Koͤniglichen
2529 1499 2641 1550 Rang
2661 1500 2697 1542 in

1807 1561 1864 1600 der
1888 1558 1971 1596 Sala
1990 1557 2104 1607 Regia
2120 1558 2190 1598 und
2209 1557 2326 1607 ſeinem
2344 1552 2595 1604 Ceremoniali/
2610 1554 2697 1605 nicht

1806 1613 1889 1664 nach
1908 1616 1964 1657 der
1982 1605 2224 1667 Antiqvitaͤt/
2240 1614 2403 1667 Origine
2433 1613 2504 1654 und
2529 1610 2696 1660 Herkom⸗

1806 1683 1883 1715 men
1900 1674 1992 1716 derer
2010 1669 2171 1723 Crohnen
2187 1673 2258 1715 und
2282 1665 2508 1722 Koͤnigreiche
2530 1669 2700 1720 gehalten/

1805 1730 1886 1782 noch
1896 1729 2126 1787 obſerviret;
2157 1726 2333 1774 Sondern
2345 1727 2428 1780 nach
2446 1727 2584 1781 Aſecten
2598 1737 2700 1776 regu⸗

1806 1790 1890 1832 liret.
1949 1788 2029 1844 Alſo
2045 1789 2084 1843 iſt
2108 1789 2177 1841 auß
2206 1791 2281 1831 dem
2308 1786 2536 1831 Ceremoniali
2562 1786 2701 1836 Pabſts

1805 1841 1935 1901 Julii.
1954 1848 1998 1890 II.
2015 1845 2062 1886 de
2081 1845 2187 1889 Anno
2204 1857 2302 1892 1504.
2319 1845 2497 1887 bekannt:
2522 1841 2619 1892 Daß
2647 1847 2701 1885 die

1805 1895 1960 1946 uhralten
1975 1893 2138 1944 Crohnen
2155 1898 2190 1936 in
2207 1893 2319 1943 Rang
2335 1897 2405 1936 und
2413 1887 2617 1946 Praͤcedentz
2626 1894 2699 1945 ſehr

1806 1954 2076 2004 confundiret;
2104 1950 2167 2002 Ja
2167 1950 2241 2002 daß
2259 1953 2309 1994 die
2319 1948 2480 2001 Crohnen
2491 1951 2560 1992 und
2567 1944 2700 2001 Koͤnig⸗

1806 2013 1909 2061 reiche
1936 2009 2147 2061 Spanien/
2163 2007 2341 2060 Portugal
2356 2012 2425 2052 und
2452 2010 2573 2053 andere
2597 2008 2703 2054 Alten

1806 2072 2018 2120 Nordiſchen
2047 2070 2262 2123 Chriſtlichen
2296 2068 2505 2120 Crohnen/
2535 2067 2702 2117 Denne⸗

1806 2122 1978 2175 marck/
1998 2121 2202 2177 Schweden
2220 2126 2290 2169 und
2308 2123 2516 2174 Norwegen
2531 2123 2602 2165 und
2620 2124 2702 2165 wel⸗

1806 2185 1860 2237 che
1880 2188 1937 2231 der
1954 2184 2030 2237 Zeit
2049 2185 2129 2236 noch
2151 2188 2213 2229 alle
2221 2184 2408 2242 Papiſtiſch
2428 2187 2468 2226 in
2487 2184 2702 2238 præceden-

1805 2239 1858 2278 tia
1875 2242 2092 2295 vorgeſetzet;
2119 2238 2193 2283 Da
2208 2239 2289 2288 doch
2306 2253 2353 2280 ex
2377 2238 2450 2282 fide
2470 2236 2626 2281 hiſtoria
2645 2237 2701 2281 be⸗

1803 2296 1932 2346 kannt/
1945 2303 2021 2352 daß
2033 2303 2112 2354 dieſe
2130 2301 2292 2350 Crohnen
2305 2301 2337 2351 ſo
2359 2298 2514 2349 uhralt/
2504 2288 2593 2359 daß
2616 2306 2701 2340 man

1808 2353 1892 2401 auch
1909 2351 2001 2400 ihren
2022 2350 2197 2403 orignem
2214 2352 2262 2393 nit
2286 2352 2399 2402 finden
2427 2344 2546 2402 kann/
2554 2348 2603 2399 ja
2631 2349 2701 2400 ihre

1809 2422 1868 2450 res
1883 2410 1989 2463 geſtæ
2004 2411 2039 2461 ſo
2057 2409 2257 2462 ſplendidæ
2276 2410 2314 2450 &
2338 2409 2551 2462 glorioſæ,
2559 2409 2639 2460 daß
2657 2409 2702 2462 ſie

1809 2465 1935 2515 dehnen
1950 2462 2132 2514 mehreſten
2149 2463 2330 2508 Nationen
2361 2462 2579 2512 abſonderlich
2597 2464 2702 2505 denen

1811 2520 2002 2573 Spaniern
2019 2524 2088 2566 und
2105 2518 2367 2573 Portugieſen/
2382 2519 2424 2571 ſo
2442 2520 2549 2569 nichts
2572 2522 2706 2563 anders

1803 2574 1860 2624 alß
1879 2572 1993 2622 filiæ,
2015 2575 2085 2618 und
2111 2572 2291 2625 Gothiſche
2316 2558 2558 2618 Colonien,
2574 2571 2608 2612 in
2624 2571 2702 2615 dem

1803 2638 1900 2683 Alter
1918 2638 1988 2682 und
2004 2631 2200 2690 beruͤhmten
2219 2635 2390 2689 Rahmen
2414 2634 2493 2680 weit
2512 2633 2692 2685 vorgehen.

1805 2703 1908 2737 Conf.
1938 2691 2096 2746 Loccenii
2113 2699 2241 2745 hiſtor.
2257 2715 2410 2740 Sveciæ,
2443 2702 2465 2732 &
2475 2697 2590 2736 Ejusd.
2598 2699 2700 2734 Anti-

1808 2756 1919 2804 quitat
1931 2750 2235 2798 Sveco-Gothicas.
2245 2759 2356 2794 Olaus
2364 2761 2397 2793 &
2410 2753 2530 2793 Ericus
2541 2753 2700 2806 Upſalien

1811 2815 1842 2850 &
1850 2812 1971 2850 Meurs
1988 2808 2103 2851 hiſtor.
2113 2806 2232 2848 Danic.

1909 2895 2055 2949 Mehrer
2065 2886 2244 2948 Exempel/
2248 2894 2317 2937 und
2326 2899 2405 2937 was
2415 2892 2464 2937 die
2471 2892 2705 2945 verſchiedent⸗

1803 2947 1863 2996 lich
1882 2951 2028 2988 mutirte
2045 2947 2299 2987 Ceremonialia
2319 2947 2462 2997 Papalia
2481 2940 2538 2996 fuͤr
2545 2944 2707 2997 unbillige

1802 3002 2206 3057 Rang⸗ Streitigkeiten
2223 3001 2376 3056 cauſiret/
2391 3006 2463 3047 und
2485 2991 2599 3053 dieſem
2617 3003 2708 3053 auch

1803 3064 1910 3114 jenem
1930 3062 2193 3117 ſouverainen,
2215 3062 2362 3107 Gewalt
2387 3066 2458 3106 und
2481 3059 2629 3111 Unrecht
2629 3059 2700 3111 ge⸗

1812 3118 1917 3168 than/
1928 3118 1989 3168 und
2008 3128 2073 3161 nur
2085 3118 2288 3171 demjenigen
2295 3117 2532 3170 favoriſiret/
2560 3116 2699 3166 welcher

1806 3179 1930 3231 groſſes
1949 3175 2142 3230 obſequium
2162 3178 2231 3220 und
2250 3174 2431 3225 Reverentz
2441 3186 2486 3218 an
2506 3178 2556 3218 die
2577 3173 2718 3219 Roͤmi⸗

1808 3236 1874 3290 ſche
1890 3234 2034 3287 Cleriſey
2063 3231 2215 3286 bezeuget
2220 3227 2302 3291 hat/
2309 3243 2346 3282 zu
2355 3232 2586 3285 geſchweigen.

1907 3311 2072 3359 Uberdies
2096 3312 2155 3364 hat
2176 3312 2238 3366 ſich
2254 3312 2312 3355 der
2327 3304 2452 3363 Koͤnig
2478 3312 2515 3355 in
2538 3307 2706 3364 Preuſſen

1801 3366 1884 3417 auch
1893 3367 1927 3420 ſo
1935 3365 2053 3413 wenig
2061 3367 2115 3410 als
2128 3368 2250 3410 andere
2258 3366 2491 3418 proteſtirende
2499 3368 2570 3407 und
2582 3363 2705 3409 Evan⸗

1801 3427 1932 3478 geliſche
1950 3419 2170 3479 Europaͤiſche
2192 3423 2394 3475 Crohnen/
2424 3422 2707 3474 Respubliquen/

1805 3481 2013 3526 Staaten/
2055 3479 2228 3531 Potenzen
2268 3484 2337 3525 und
2375 3476 2522 3534 Fuͤrſten
2558 3491 2604 3522 an
2635 3483 2702 3522 das

1806 3536 1998 3595 Paͤbſtliche
2016 3539 2260 3585 Ceremoniell,
2269 3537 2401 3587 Rang/
2416 3544 2622 3592 reglement,
2631 3539 2705 3580 und

1809 3597 1862 3639 die
1872 3593 2030 3650 Capellas
2056 3595 2218 3649 Papales,
2235 3594 2401 3643 zukehren.

1927 3667 2040 3712 Denn
2050 3667 2095 3710 da
2105 3669 2154 3711 die
2166 3661 2328 3716 Paͤbſte/
2366 3666 2421 3708 als
2433 3656 2632 3715 obgedacht/
2638 3663 2703 3717 ſich

1814 3717 1884 3770 ſehr
1906 3717 2084 3764 betriegen/
2119 3718 2225 3769 wann
2220 3710 2270 3772 ſie
2287 3715 2477 3770 ſtatuiren/
2501 3713 2568 3763 daß
2578 3717 2702 3768 groſſer

1818 3773 2005 3830 Potenzen/
2024 3773 2095 3830 Ehre
2105 3781 2174 3823 und
2182 3777 2324 3825 Reſpect
2334 3776 2394 3828 ſich
2406 3777 2488 3823 nach
2499 3779 2556 3817 der
2567 3773 2703 3827 Paͤbſtl.

1818 3833 2016 3888 Geiſtlichen
2048 3832 2282 3874 Ceremoniell
2308 3832 2428 3883 richten
2453 3829 2587 3886 ſollen;
2622 3832 2703 3885 Alſo

1805 3893 1893 3939 wird
1904 3895 1954 3939 ein
1963 3884 2075 3944 Koͤnig
2084 3892 2118 3937 in
2132 3888 2295 3945 Preuſſen
2314 3891 2348 3948 ſo
2363 3882 2495 3939 wenig/
2515 3889 2570 3932 als
2580 3893 2706 3935 andere
