2386 2641
276 390 360 428 nes
382 375 668 435 Angeſichts,
695 382 780 435 ſolt
799 385 862 428 du
880 382 982 429 dein
1001 384 1165 432 Brodt
1192 382 1319 440 eſſen,
1349 382 1426 437 biß
1445 383 1540 436 daß
1566 386 1631 428 du

277 435 447 480 wieder
464 441 543 487 zur
559 430 727 485 Erden
744 432 953 490 werdeſt,
977 437 1137 483 davon
1161 435 1224 481 du
1249 443 1514 490 genommen
1535 435 1631 489 biſt.

277 493 530 543 Gen.Ill.19.
589 492 785 538 Woraus
804 496 909 537 denn
930 491 1067 549 folget,
1082 492 1164 547 daß
1178 503 1218 538 er
1234 496 1339 545 nicht
1356 492 1468 539 waͤre
1485 491 1631 548 geſtor⸗

276 549 366 602 ben,
384 550 550 604 ſondern
570 549 803 605 unſterblich
825 554 911 596 und
932 552 1047 601 beym
1065 551 1188 600 Leben
1204 551 1435 601 verblieben,
1455 560 1575 597 wenn
1591 561 1631 594 er

277 602 381 653 nicht
398 600 629 658 geſuͤndiget
654 600 779 654 haͤtte.
835 604 949 654 Auch
964 604 1008 660 iſt
1027 604 1160 659 hiebey
1169 613 1217 659 zu
1233 606 1364 660 wiſſen
1383 602 1538 660 noͤthig,
1544 599 1633 658 daß

276 667 368 709 dem
389 661 603 712 Menſchen
626 663 732 715 nicht
753 660 989 718 unmuͤglich
1006 665 1192 719 geweſen,
1210 664 1292 718 daß
1304 677 1342 710 er
1355 666 1523 716 ſterblich
1534 675 1633 709 wer⸗

277 718 334 770 de,
350 718 433 760 und
451 713 598 765 endlich
616 724 694 771 gar
710 714 843 769 ſterbe,
865 707 1181 768 nachdemahlen
1203 726 1244 764 er
1259 720 1299 771 ja
1315 720 1424 763 einen
1444 718 1531 765 Leib
1545 718 1633 767 hat⸗

274 776 323 825 te,
344 774 412 815 der
434 776 516 816 aus
537 771 641 817 einer
661 770 937 826 hinfallenden
955 773 1131 816 Materie
1152 771 1362 828 zubereitet
1376 780 1489 827 war;
1512 774 1633 824 Doch

273 828 400 883 folget
422 829 589 879 hieraus
609 828 727 884 nicht,
743 828 826 883 daß
847 833 916 876 der
933 829 1022 879 Leib
1041 835 1113 878 des
1130 831 1254 882 erſten
1283 831 1498 882 Menſchen
1516 832 1632 884 ſterb⸗

273 884 346 937 lich
366 883 552 939 geweſen,
567 886 718 938 maſſen
741 897 783 933 er
799 886 904 938 nicht
920 893 1003 934 von
1018 891 1087 935 der
1100 887 1341 941 verfluchten
1361 889 1527 937 ſondern
1546 897 1629 931 von

271 943 342 985 der
360 937 608 996 geſeegneten
626 942 734 991 Erde
762 939 966 995 gemacht,
997 947 1083 989 und
1101 949 1185 989 von
1210 944 1341 993 GOtt
1362 944 1399 997 ſo
1425 943 1632 997 zubereitet

272 1000 442 1043 worden
471 996 553 1051 daß
573 1005 615 1043 er
631 997 737 1049 nicht
760 987 1050 1055 ſterblich
984 992 1080 1047 war.
1103 996 1358 1055 Jnzwiſchen
1377 999 1519 1046 konnte
1535 998 1631 1050 doch

270 1057 338 1099 der
358 1042 449 1101 Leib
468 1052 639 1108 ſterblich
663 1055 837 1105 werden,
852 1055 927 1098 wie
947 1063 988 1099 er
1003 1054 1100 1106 auch
1112 1060 1276 1101 worden
1298 1055 1356 1108 iſt.
1420 1042 1536 1106 Daher
1557 1044 1629 1099 die

269 1107 586 1166 Unſterblichkeit
604 1113 674 1155 des
693 1110 838 1160 Leibes
858 1110 961 1157 keine
979 1110 1161 1153 ablolute
1180 1110 1631 1165 Unſterblichkeit
1538 1107 1635 1162 GOt⸗

271 1168 334 1210 tes
355 1164 542 1220 geweſen,
567 1163 650 1218 daß
670 1173 710 1210 er
736 1170 849 1222 gantz
871 1167 955 1209 und
974 1174 1052 1220 gar
1077 1166 1182 1216 nicht
1202 1168 1273 1221 hat
1296 1167 1444 1221 ſterben
1463 1165 1630 1220 koͤnnen,

271 1226 377 1270 denn
397 1223 434 1278 ſo
452 1222 497 1276 iſt
518 1211 650 1275 GOtt
667 1222 788 1271 allein
806 1224 1014 1278 derjenige,
1029 1222 1109 1270 der
1142 1221 1510 1284 Unſterblichkeit
1526 1224 1632 1273 hat.

272 1293 307 1321 1.
316 1278 515 1324 Tim.
467 1273 529 1330 Vl.
529 1282 587 1321 16.
642 1278 721 1328 So
743 1287 837 1326 war
859 1281 931 1325 des
951 1278 1074 1333 erſten
1098 1281 1315 1333 Menſchen
1333 1280 1430 1329 ſeine
1446 1280 1631 1334 Unſterb⸗

269 1331 415 1385 lichkeit
434 1332 533 1383 auch
556 1329 657 1378 keine
674 1332 988 1386 Unſterblichkeit
1006 1337 1075 1381 der
1097 1333 1431 1386 Auserwehlten,
1447 1335 1512 1381 als
1538 1333 1633 1381 wel⸗

268 1391 330 1445 che
342 1391 585 1446 nunmehro,
596 1391 809 1444 nachdem
819 1388 869 1449 ſie
880 1395 951 1441 die
967 1392 1337 1448 Unſterblichkeit
1348 1387 1633 1448 angezogen/

271 1460 306 1487 1.
343 1447 419 1491 Cor.
454 1447 522 1490 XV,
540 1459 602 1495 53.
620 1443 693 1500 ſich
711 1445 833 1499 durch
859 1447 990 1497 nichts
1000 1450 1160 1493 werden
1172 1447 1344 1503 ſterblich
1361 1451 1523 1497 machen
1539 1446 1633 1496 koͤn⸗

269 1511 373 1554 nen;
392 1502 470 1552 Da
487 1503 684 1559 hingegen
699 1504 850 1552 Adam
878 1506 1001 1557 durch
1020 1510 1079 1551 die
1099 1505 1261 1555 Suͤnde
1286 1507 1357 1557 ſich
1380 1507 1549 1558 ſterblich
1567 1516 1632 1556 ge⸗

267 1556 415 1607 macht.
468 1553 609 1604 Denn
617 1558 701 1605 der
709 1556 823 1608 Tod
839 1554 894 1613 iſt
901 1559 984 1607 der
1002 1546 1410 1611 Suͤnden⸗Sold.
1422 1549 1541 1605 Rom.
1557 1561 1629 1610 VI,

269 1627 331 1661 23.
389 1614 476 1661 Wo
496 1616 578 1662 kein
588 1614 734 1670 Dienſt
748 1616 804 1671 iſt,
822 1618 877 1661 da
893 1607 945 1668 iſt
964 1617 1064 1665 auch
1082 1614 1165 1661 kein
1183 1616 1316 1672 Sold,
1341 1620 1425 1663 und
1442 1625 1507 1663 wo
1526 1617 1633 1662 keine

269 1668 428 1720 Suͤnde
447 1670 501 1727 iſt,
516 1675 571 1716 da
590 1669 634 1724 iſt
649 1672 749 1722 auch
766 1673 848 1720 kein
862 1671 968 1721 Tod.
1021 1672 1169 1724 Daher
1178 1676 1257 1719 das
1275 1673 1393 1725 nicht
1410 1670 1628 1726 ſuͤndigen

269 1729 356 1774 und
374 1726 494 1778 nicht
506 1725 703 1783 ſterblich
717 1727 852 1787 ſeyn/
841 1721 885 1779 in
897 1729 1040 1777 Adam
1060 1728 1292 1785 zuſammen
1314 1731 1444 1783 ſtehet.
1495 1730 1629 1777 Denn

269 1787 348 1831 wie
363 1786 433 1832 der
448 1785 541 1834 Tod
557 1784 679 1837 durch
700 1789 760 1834 die
781 1784 942 1835 Suͤnde
961 1785 1007 1840 iſt
1026 1789 1067 1832 in
1106 1781 1173 1834 die
1197 1781 1293 1836 Welt
1286 1789 1485 1835 kommen.
1505 1788 1632 1829 Rom.

268 1842 325 1886 V,
343 1856 402 1883 12.
452 1841 550 1893 Alſo
566 1841 642 1894 hat
653 1842 818 1898 derſelbe
835 1848 914 1888 vor
932 1845 1001 1889 der
1019 1840 1177 1890 Suͤnde
1198 1844 1304 1894 nicht
1320 1843 1476 1893 koͤnnen
1488 1836 1533 1890 zu
1551 1847 1630 1884 den

267 1897 486 1953 Menſchen
505 1897 704 1945 kommen.
763 1896 914 1950 Daher
935 1898 1022 1954 ſagt
1040 1902 1108 1944 der
1126 1899 1223 1954 Text
1245 1904 1369 1948 recht:
1396 1900 1628 1947 GOTT

266 1950 384 2008 habe
402 1954 489 2002 den
512 1954 757 2008 Menſchen
782 1958 827 2003 in
857 1948 1226 2010 Unſterblichkeit
1255 1954 1509 2011 erſchaffen.
1564 1958 1628 2003 Es

267 2006 410 2055 wuͤrde
427 2008 526 2060 auch
544 2017 615 2065 zur
630 2010 945 2063 Unſterblichkeit
966 2017 1033 2058 der
1052 2010 1250 2066 Seeligen
1271 2015 1507 2068 gedrungen
1526 2012 1627 2066 ſeyn,

268 2064 354 2106 und
367 2058 483 2114 ſolche
495 2061 566 2107 als
588 2058 654 2115 ein
669 2057 771 2115 Kleid
764 2067 993 2125 angezogen
1005 2061 1166 2114 haben.I.
1215 2064 1287 2108 Cor.
1322 2066 1388 2109 XV.
1394 2064 1512 2116 Doch
1525 2054 1629 2115 nicht

266 2121 390 2174 durch
409 2123 492 2168 eine
502 2120 796 2175 Entkleidung,
817 2126 989 2168 ſondern
1005 2123 1126 2176 durch
1136 2123 1441 2177 Uberkleidung,
1464 2126 1538 2170 wie
1550 2124 1629 2177 He⸗

268 2179 367 2226 noch
390 2182 464 2226 und
483 2179 589 2226 Elias,
615 2180 706 2226 ohne
717 2171 838 2226 Noth
850 2186 935 2226 und
956 2182 1049 2226 Tod,
1068 2182 1155 2226 ohne
1166 2178 1318 2226 Zehren
1341 2187 1410 2226 und
1418 2181 1628 2239 Thraͤnen,
