1572 2162
94 347 234 388 Gebett
246 358 325 387 zum
334 347 385 386 H.
388 342 559 382 Antonio
564 350 638 383 von
660 342 797 381 Padua.

826 335 899 380 515

49 391 144 449 lung
164 397 233 440 des
248 393 356 441 boͤſen
380 390 587 441 Feindes/
610 391 677 435 vor
693 391 897 430 Zauberey

41 449 127 504 und
133 447 416 512 Vergifftung/
441 455 511 495 vor
520 440 709 501 Geſpenſt
719 445 797 487 und
815 438 903 486 Un⸗

52 512 226 563 geheur:
252 511 339 564 hebe
363 498 455 560 auff
455 497 558 556 allen
576 499 696 555 Krieg
711 499 790 543 und
819 494 906 542 Un⸗

52 551 190 611 frieden
207 557 384 614 zwiſchen
400 558 470 599 den
485 544 730 604 Chriſtlichen
748 545 904 598 Poten⸗

57 620 169 668 taten.
224 621 269 670 O
305 612 530 672 geiſtreicher
558 602 906 662 Buß⸗Prediger

59 668 136 718 St.
145 661 318 722 Antoni!
340 662 514 716 bewahre
523 661 603 707 mir
614 657 703 707 Leib
713 658 791 700 und
802 644 910 701 Seel

59 731 128 772 vor
146 732 234 776 dem
256 719 503 780 ſchaͤndlichen
531 714 689 771 Außſatz
704 716 768 756 der
790 710 909 759 Todt⸗

58 772 286 828 Suͤnden/
310 772 456 826 befreye
480 767 579 820 mich
604 770 681 810 von
705 759 804 811 boͤſer
821 760 911 807 Ge⸗

62 834 251 890 wohnheit
276 835 356 880 und
374 824 621 885 Gelegenheit
634 830 681 876 zu
708 815 909 874 ſuͤndigen.

63 882 107 932 O
123 881 443 941 wunderthaͤtiger
458 874 641 924 Antoni!
669 866 812 929 erweiſe
840 865 909 911 mir

64 948 140 990 und
164 945 263 993 allen
300 931 497 992 Krancken
513 930 677 991 gnaͤdige
703 931 781 976 und
807 925 913 977 troͤſt⸗

65 991 152 1045 liche
167 994 343 1052 Huͤlff/
371 987 512 1042 erhalte
538 977 645 1037 mich
652 988 706 1027 an
722 977 808 1025 Leib
832 978 914 1022 und

69 1045 167 1095 Seel
190 1046 295 1104 friſch
322 1045 404 1090 und
433 1040 573 1094 geſund
595 1044 642 1087 zu
659 1030 795 1087 groͤſſer
824 1030 916 1081 Ehr

71 1099 247 1153 GOttes.
309 1099 357 1150 O
389 1090 555 1157 getreuer
587 1083 916 1144 Weg⸗Weiſer!

74 1146 223 1200 komme
249 1159 298 1207 zu
320 1143 448 1202 Huͤlff
459 1145 560 1192 allen
576 1132 919 1195 Schiff⸗Leuthen/

70 1212 149 1257 und
183 1213 350 1259 denen/
381 1207 439 1253 die
454 1206 497 1252 in
533 1192 922 1255 Waſſers⸗Gefahr

73 1251 229 1314 ſtehen:
256 1259 387 1302 wende
414 1251 466 1295 ab
482 1258 560 1295 von
573 1244 726 1298 unſeren
744 1239 949 1289 Guͤteren

75 1317 147 1366 alle
162 1318 352 1382 ſchaͤdliche
380 1308 690 1372 Waſſer⸗Guͤß
707 1309 784 1354 und
814 1302 922 1351 uͤber⸗

73 1369 368 1424 ſchwemmung.
410 1368 439 1426 O
486 1357 757 1420 demuͤthigſter
773 1351 922 1410 Buͤſſer

78 1433 155 1476 und
174 1426 434 1482 Beichtiger!
463 1420 555 1475 ſtehe
578 1418 648 1469 bey
672 1412 772 1461 allen
789 1417 927 1457 armen

78 1473 343 1535 verurtheilten
362 1475 633 1527 Suͤnderen:
661 1465 817 1515 erledige
847 1462 927 1509 und

81 1533 187 1592 troͤſte
212 1535 287 1586 alle
309 1532 538 1589 Gefangene
557 1528 636 1571 und
653 1509 825 1576 Unrecht
838 1516 928 1570 Ley⸗

82 1587 215 1643 dende/
239 1588 436 1644 beſonders
447 1581 523 1632 alle
538 1575 736 1631 Chriſten/
760 1572 798 1627 ſo
819 1572 932 1618 unter

83 1639 167 1690 dem
182 1643 289 1702 Joch
312 1645 379 1688 des
407 1635 693 1690 Erb⸗Feinds/
709 1631 796 1680 oder
822 1628 934 1674 unter

84 1693 152 1743 den
164 1699 333 1756 Ketzeren
341 1700 383 1741 in
400 1685 736 1742 Seelen⸗Gefahr
752 1683 823 1738 ſich
832 1679 936 1734 auff⸗

89 1748 226 1803 halten.
281 1752 326 1804 O
347 1744 663 1815 Jungfraͤulicher
680 1740 858 1789 Antoni!
882 1733 938 1787 ich

88 1800 179 1854 bitte
193 1808 295 1863 dich/
321 1811 372 1850 du
390 1801 535 1850 wolleſt
551 1799 651 1843 allen
668 1791 943 1851 Preßhafften/

91 1853 275 1920 Blinden/
299 1856 480 1912 Tauben/
492 1850 746 1907 Stummen/
765 1847 997 1896 Lahmen

476 1920 551 1964 Kk
551 1920 606 1964 2

858 1919 946 1947 und
