1797 2565
168 462 290 510 nichts
320 459 590 513 angenehmer,
623 461 684 503 als
719 460 795 509 ihm
825 469 867 514 zu
900 455 1074 511 gefallen.

165 520 277 566 Und,
307 526 417 560 wenn
441 519 532 571 auch
554 519 652 560 keine
672 515 811 571 Hoͤlle,
840 527 949 559 wenn
976 518 1075 559 keine

165 583 236 619 mit
264 576 449 629 Allmacht
477 573 684 625 bewafnete
704 572 1076 628 Straf ⸗ Gerechtig⸗

165 633 236 677 keit
250 630 397 680 Gottes
415 625 542 682 waͤre;
565 628 599 680 ſo
617 627 745 673 wuͤrde
768 641 794 671 er
802 628 966 680 dennoch
986 628 1076 669 eben

165 683 204 737 ſo
220 697 350 738 gerne,
380 689 452 728 das
479 684 587 738 laſſen
611 690 697 729 was
722 686 826 733 Gott
849 683 1077 732 verbothen,

167 754 246 789 und
272 747 366 795 thun
392 748 478 789 was
510 757 547 789 er
580 743 764 795 befohlen.
781 768 845 782 —
845 768 909 782 —
937 742 1075 796 Kurz,

166 799 231 848 die
254 802 433 854 Tugend;
467 804 530 845 der
552 799 791 852 Gehorſahm
817 804 883 842 des
904 800 1077 851 Chriſten

167 866 229 906 der
247 865 352 910 Gott
370 863 500 913 liebet,
525 860 567 911 iſt
584 851 681 912 nicht
696 867 759 905 der
775 858 1010 909 Gehorſahm
1030 859 1077 900 ei⸗

169 925 236 963 nes
270 920 469 969 Sclaven;
516 924 603 962 oder
635 922 738 961 eines
770 914 1077 969 Lohnſuͤchtigen.

169 978 360 1024 Sondern
376 984 438 1022 der
455 976 693 1029 Gehorſahm
716 973 827 1024 eines
854 965 1087 1032 Dankbah⸗

167 1031 265 1082 ren.
315 1034 406 1082 Kan
443 1037 565 1079 etwas
600 1031 755 1085 Unſerm
791 1031 1079 1087 Unſterblichem

169 1090 296 1142 Geiſte
320 1084 581 1141 anſtaͤndiger;
626 1084 840 1141 wuͤrdiger,
880 1093 957 1129 und
983 1089 1080 1129 edler

167 1148 283 1202 ſeyn?
330 1139 431 1199 Wir
451 1138 649 1202 Chriſten
670 1147 804 1199 haben
828 1146 935 1197 nicht
958 1145 1076 1190 einen

167 1204 427 1255 knechtiſchen
449 1204 598 1254 Geiſt,
628 1205 741 1249 Gott
756 1203 833 1247 mit
846 1201 1077 1255 Schrecken

168 1266 216 1302 zu
238 1253 413 1306 ſcheuen.
472 1254 682 1303 Sondern
703 1254 785 1302 wir
806 1252 938 1309 haben
959 1252 1077 1301 einen

167 1306 383 1365 kindlichen
413 1309 555 1368 Geiſt;
586 1308 708 1366 durch
731 1308 809 1358 den
841 1309 921 1357 wir
940 1307 1075 1363 Gott,

167 1368 331 1424 Vater,
357 1371 556 1417 nennen.
592 1366 686 1418 Und
706 1366 829 1428 dieſer
846 1364 965 1425 Geiſt
986 1376 1079 1415 ver⸗

166 1426 308 1483 ſichert
326 1427 445 1487 unſre
463 1427 597 1481 Seele
613 1427 691 1484 daß
706 1425 786 1480 wir
803 1427 962 1478 Gottes
978 1426 1079 1478 Kin⸗

167 1489 239 1530 der
260 1488 361 1530 ſind.

267 1539 584 1597 Gleichwohl
614 1540 688 1585 kan
724 1535 847 1592 nichts
883 1537 1079 1596 kraͤftiger

168 1597 276 1651 ſeyn,
307 1601 369 1643 als
398 1597 488 1653 dieſe
504 1597 846 1654 Beſſerungs ⸗ Art
873 1601 940 1642 des
967 1586 1079 1651 Chri⸗

168 1654 392 1711 ſtenthnms.

256 1712 519 1773 Schrecket
545 1721 615 1761 den
640 1713 839 1768 Menſchen
870 1717 941 1759 mit
963 1713 1080 1764 Dro⸗

169 1762 333 1825 hungen
348 1775 424 1812 und
441 1765 635 1824 Strenge
651 1778 733 1822 zum
747 1765 984 1819 Gehorſahm
1000 1768 1079 1813 hin.

170 1833 226 1878 Er
248 1834 343 1876 wird
366 1840 466 1885 zwar
493 1829 592 1879 thun
611 1835 696 1875 was
714 1830 771 1879 ihr
799 1828 919 1873 wollt.
978 1832 1080 1875 Aber

169 1894 239 1936 mit
274 1885 482 1942 Verdruß.
506 1884 588 1939 Nur
611 1901 690 1945 zum
711 1888 873 1940 Schein.
933 1889 1021 1937 Und
1021 1889 1080 1939 je⸗

169 1949 214 1989 de
235 1945 504 2001 Gelegenheit,
538 1942 604 1998 ſich
629 1955 717 1991 vom
739 1940 978 1995 Gehorſahm
1003 1945 1082 1987 los⸗

169 2004 365 2056 zumachen
389 2002 548 2058 begierig
579 2001 769 2061 ergreifen.
828 2003 939 2050 Oder
964 2005 1080 2052 beleh⸗

161 2067 229 2103 ret
244 2062 308 2110 ihn
327 2059 398 2109 aufs
397 2052 677 2112 gruͤndlichſte
695 2069 770 2104 von
794 2056 906 2108 ſeiner
921 2060 1078 2111 Pflicht.

171 2121 337 2169 Predigt
354 2118 432 2168 ihm
460 2127 538 2164 von
565 2116 663 2165 ihrer
684 2118 817 2162 innern
836 2116 1078 2164 Schoͤnheit,

172 2173 290 2229 ihrem
300 2175 394 2223 Adel
409 2183 492 2223 vor.
549 2173 647 2222 Das
662 2173 708 2226 iſt
717 2180 786 2226 gut
805 2171 868 2226 fuͤr
883 2175 939 2218 die
949 2173 1080 2220 Schu⸗

1100 1152 1193 1190 Roͤm.

1102 1207 1131 1239 8,
1138 1200 1190 1235 15.

1119 1242 1165 1269 16.
