1582 2136
626 433 711 461 volles
725 432 878 457 Vertrauen
894 422 1000 451 setzte,
1013 418 1119 445 seinem
1129 424 1221 446 zarten
1236 416 1343 446 Gefühl

628 497 682 514 von
698 486 794 514 Pflicht
808 479 1025 519 anheimgestellt
1037 479 1116 508 blieb.
1139 478 1221 506 Jeder
1233 475 1343 504 unruhi-

628 560 660 583 ge
682 546 759 584 Kopf
773 546 846 573 kann
863 544 906 571 die
926 540 1073 569 verletzten
1086 541 1191 570 Rechte
1211 538 1258 567 des
1275 539 1343 566 Bür-

626 631 684 652 gers
703 625 767 642 zum
782 611 940 642 Vorwande
959 598 1089 633 nehmen,
1113 616 1162 636 um
1182 611 1262 638 einen
1272 607 1342 636 Auf-

631 682 711 709 stand
733 689 767 705 zu
790 675 900 703 erregen
922 665 980 693 und
1002 664 1075 693 seine
1100 662 1269 700 ehrgeizigen
1288 662 1344 688 Ab-

631 748 738 771 sichten
749 739 979 772 durchzusetzen;
998 724 1076 764 jeder
1084 723 1190 763 Despot
1200 724 1272 752 kann
1283 729 1347 759 aber

631 808 713 837 auch,
740 814 822 833 unter
835 798 885 828 der
902 798 988 826 Larve
1009 792 1058 819 der
1074 789 1285 819 Wachsamkeit
1301 786 1349 814 für

635 875 679 903 die
691 859 844 899 Erhaltung
858 858 907 886 des
920 856 1018 891 Staats,
1038 853 1082 883 die
1097 851 1284 892 gegründeten
1296 853 1348 881 Be-

635 931 796 958 schwerden
814 927 861 956 des
875 926 963 955 Volks
976 935 1031 954 von
1051 914 1110 944 sich
1123 913 1270 948 abweisen,
1286 911 1349 939 und

635 1001 732 1028 dessen
751 997 932 1019 gerechtestes
947 985 1095 1012 Bestreben
1110 982 1183 1008 seine
1195 982 1348 1010 Vorrechte

636 1073 671 1088 zu
701 1058 822 1085 erhalten
855 1054 923 1080 oder
954 1049 1057 1079 wieder
1076 1050 1115 1068 zu
1138 1038 1283 1078 erlangen
1312 1036 1350 1066 als

638 1125 718 1149 einen
735 1116 926 1146 Hochverrath
950 1113 1024 1141 oder
1037 1111 1117 1139 einen
1137 1102 1264 1134 Aufruhr
1282 1102 1351 1131 ahn-

638 1188 701 1212 den.
749 1182 786 1210 In
818 1175 957 1206 erblichen
985 1165 1167 1198 Monarchien
1198 1165 1273 1194 kann
1303 1163 1352 1192 der

640 1252 732 1276 Fürst,
750 1255 833 1271 wenn
851 1243 925 1270 seine
940 1234 1134 1264 Unterthanen
1151 1227 1209 1254 ihm
1228 1225 1283 1254 den
1299 1224 1354 1253 Ge-

636 1314 745 1337 horsam
774 1295 983 1333 aufkündigen,
1013 1301 1066 1320 vor
1091 1290 1162 1319 Gott
1190 1288 1249 1318 und
1273 1289 1354 1318 Men-

639 1367 724 1392 schen
742 1359 953 1399 gerechtfertigt,
974 1358 1032 1387 sein
1047 1356 1183 1388 Erbrecht
1197 1355 1356 1393 behaupten

641 1428 698 1456 und
735 1427 782 1456 die
816 1422 950 1454 Rebellen
980 1422 1023 1452 als
1058 1419 1268 1459 Bundbrüchige
1309 1427 1358 1445 zur

642 1500 793 1527 Rückkehr
811 1502 892 1524 unter
907 1485 980 1514 seine
995 1482 1198 1522 Botmäſsigkeit
1217 1481 1354 1519 zwingen;

646 1567 727 1594 allein
747 1554 791 1580 die
814 1552 993 1587 Insurgenten
1014 1547 1127 1577 werden
1147 1547 1197 1574 ihn
1216 1544 1356 1578 erinnern,

645 1620 702 1650 daſs
731 1619 779 1647 der
800 1615 961 1654 Erbvertrag
988 1612 1033 1643 die
1060 1610 1219 1650 Bedingung
1247 1617 1356 1637 voraus-
