1779 2491
695 455 856 517 Herrn
873 462 1037 523 geſetzt,
1055 463 1154 524 daß
1171 478 1218 516 er
1235 468 1374 527 ihnen
1389 472 1462 528 ihr
1471 467 1672 530 Gebuͤhr

693 516 803 568 gebe
821 533 878 578 zu
902 514 1067 580 rechter
1092 524 1201 576 Zeit.
1245 527 1338 581 Er
1359 528 1478 586 hatte
1503 531 1588 589 alſo
1606 530 1670 582 die

692 563 843 631 Dinge
853 575 899 623 in
913 574 1043 630 ſeiner
1054 577 1250 636 Gewalt,
1265 582 1422 632 womit
1430 582 1510 632 das
1520 583 1669 643 Haus⸗

691 633 855 695 geſinde
879 637 992 689 ſollte
1017 641 1207 694 gekleidet
1239 642 1328 694 und
1351 644 1541 711 geſpeiſet
1563 659 1668 699 wer⸗

694 698 793 742 den,
802 688 891 737 und
907 690 1003 745 that
1017 683 1119 749 das,
1135 697 1234 742 was
1245 694 1336 752 ihm
1347 691 1552 755 befohlen
1552 702 1668 757 war,

690 758 820 795 wenn
817 743 860 797 er
890 760 950 810 zu
975 753 1047 799 der
1065 753 1255 814 geſetzten
1271 758 1370 815 Zeit
1384 759 1523 811 einem
1546 760 1665 818 jeden

689 802 870 857 Knechte
885 816 927 855 ſo
937 805 1019 854 viel
1036 804 1291 866 ungefaͤlſcht
1302 810 1389 860 und
1405 813 1552 869 redlich
1563 813 1664 874 gab,

688 860 755 908 als
786 860 878 912 ihm
901 872 989 912 von
1015 861 1111 915 dem
1130 866 1276 926 Herrn
1303 867 1531 926 beſchieden
1553 879 1663 921 war.

688 921 836 969 Durch
861 921 964 975 dieſe
982 923 1260 990 Erinnerung
1286 927 1445 978 werdet
1472 929 1540 987 ihr
1564 933 1662 986 das,

685 979 783 1024 was
811 979 883 1025 der
909 978 1057 1029 heilige
1073 979 1244 1038 Apoſtel
1267 975 1355 1035 von
1371 982 1447 1044 ſich
1474 987 1563 1038 und
1582 989 1662 1037 den

682 1028 863 1087 uͤbrigen
884 1025 1086 1091 Apoſteln
1101 1036 1224 1094 ſagen
1243 1035 1369 1099 will,
1400 1040 1528 1091 wenn
1520 1042 1565 1095 er
1605 1039 1659 1097 ſie

680 1083 979 1146 Haushalter
988 1088 1099 1143 uͤber
1110 1096 1180 1146 die
1189 1093 1496 1160 Geheimniſſe
1504 1099 1659 1155 GOt⸗

680 1142 756 1186 tes
772 1130 950 1191 nennet,
958 1150 1060 1191 von
1069 1143 1212 1192 denen
1227 1153 1340 1195 man
1352 1149 1504 1198 nichts
1517 1149 1655 1205 mehr,

678 1200 757 1250 als
772 1202 932 1257 Treue,
950 1203 1144 1261 fordern
1160 1204 1322 1262 koͤnne,
1338 1208 1427 1267 ſehr
1439 1213 1555 1270 leicht
1565 1209 1655 1265 und

678 1251 853 1311 deutlich
878 1254 1077 1316 verſtehen
1081 1256 1288 1317 koͤnnen.
1322 1269 1417 1322 Alle
1428 1265 1653 1326 Menſchen

678 1316 769 1361 ſind
799 1319 978 1370 Knechte
1016 1321 1089 1370 des
1120 1319 1441 1381 Allerhoͤchſten.
1514 1328 1652 1382 GOtt

677 1370 756 1422 hat
779 1375 906 1423 unter
929 1372 1061 1431 dieſen
1081 1374 1295 1438 Knechten
1328 1377 1467 1439 etliche
1489 1378 1651 1436 wenige

676 1428 782 1485 dazu
800 1425 1019 1491 erwaͤhlet,
1047 1432 1129 1494 daß
1142 1433 1195 1493 ſie
1227 1435 1285 1488 die
1314 1429 1449 1496 Guͤter
1445 1443 1517 1495 der
1525 1444 1649 1495 Gna⸗

674 1485 753 1537 den
765 1490 892 1540 unter
899 1489 965 1543 die
979 1486 1157 1551 uͤbrigen
1165 1491 1395 1554 vertheilen
1404 1495 1544 1556 ſollen.
1556 1494 1647 1551 Sie

672 1539 761 1598 ſind
794 1536 1090 1603 Haushalter
1115 1543 1226 1598 uͤber
1252 1550 1323 1598 die
1342 1545 1645 1611 Geheimniſſe

671 1602 912 1656 GOttes:
953 1607 1056 1659 Das
1076 1607 1219 1666 heißt:
1259 1613 1400 1664 GOtt
1421 1615 1497 1671 hat
1516 1614 1644 1667 ihnen

670 1657 796 1709 durch
815 1658 951 1715 ſeinen
960 1660 1082 1718 Geiſt
1098 1662 1162 1713 die
1172 1655 1332 1725 Lehren
1343 1668 1417 1718 des
1424 1666 1571 1725 Heils,
1579 1662 1643 1716 die

668 1717 958 1773 Wahrheiten
975 1721 1049 1775 des
1066 1720 1315 1785 Evangelii,
1338 1727 1404 1777 die
1418 1730 1497 1778 den
1513 1732 1641 1777 Men⸗

669 1775 779 1825 ſchen
790 1775 868 1826 den
879 1778 994 1835 Weg
1006 1787 1080 1837 zur
1089 1779 1301 1842 Seligkeit
1309 1780 1478 1838 weiſen,
1485 1795 1536 1841 zu
1546 1786 1641 1829 dem

669 1822 791 1876 Ende
813 1823 1059 1886 offenbaren
1079 1828 1224 1898 laſſen,
1249 1829 1387 1882 damit
1405 1830 1457 1888 ſie
1472 1825 1640 1892 dieſelbe

667 1885 788 1941 ihren
806 1887 1118 1949 Mitknechten,
1142 1903 1220 1941 den
1242 1888 1533 1953 unglaͤubigen
1547 1894 1638 1952 Ju⸗

665 1937 744 1987 den
762 1938 847 1988 und
858 1938 1025 2000 Heiden,
1074 1943 1353 1997 verkuͤndigen
1377 1946 1465 1997 und
1484 1949 1638 2004 wieder

663 2002 895 2058 vortragen
919 2001 1058 2057 ſollen.
1124 2006 1243 2065 Jhre
1265 1999 1426 2066 Pflicht
1452 2012 1503 2061 iſt
1525 2014 1635 2055 dem⸗

665 2053 792 2114 nach,
813 2048 893 2116 daß
913 2055 967 2117 ſie
984 2059 1135 2120 dieſem
1152 2059 1320 2116 Willen
1336 2064 1452 2121 ihres
1468 2065 1635 2121 HErrn
