<?xml version='1.0' encoding='utf-8'?>
<PcGts xmlns="http://schema.primaresearch.org/PAGE/gts/pagecontent/2019-07-15" xmlns:xsi="http://www.w3.org/2001/XMLSchema-instance" pcGtsId="PAGE_01" xsi:schemaLocation="http://schema.primaresearch.org/PAGE/gts/pagecontent/2019-07-15 http://schema.primaresearch.org/PAGE/gts/pagecontent/2019-07-15/pagecontent.xsd">
  <Metadata>
    <Creator>OCR-D DFG Phase III</Creator>
    <Created>2024-01-19T13:09:04Z</Created>
    <LastChange>2024-01-19T13:09:04Z</LastChange>
    <Comments>ODEM: OCR-D extension for mass digitization (2021-2024)</Comments>
  </Metadata>
  <Page imageFilename="urn+nbn+de+gbv+3+1-655955-p0409-4_ger.jpg" imageWidth="2384" imageHeight="3333" type="content" primaryLanguage="German">
    <Border>
      <Coords points="148,433 1481,433 1481,2791 148,2791"/>
    </Border>
    <ReadingOrder>
      <OrderedGroup id="ro_1681314977944" caption="Regions reading order">
        <RegionRefIndexed index="0" regionRef="TextRegion_1671016666964_1319"/>
        <RegionRefIndexed index="1" regionRef="TextRegion_1671016666963_1318"/>
        <RegionRefIndexed index="2" regionRef="TextRegion_1671016680794_1328"/>
        <RegionRefIndexed index="3" regionRef="TextRegion_1671016680794_1327"/>
        <RegionRefIndexed index="4" regionRef="TextRegion_1671016727308_1364"/>
        <RegionRefIndexed index="5" regionRef="TextRegion_1671016727308_1363"/>
        <RegionRefIndexed index="6" regionRef="TextRegion_1671016724117_1357"/>
        <RegionRefIndexed index="7" regionRef="TextRegion_1671016721661_1353"/>
        <RegionRefIndexed index="8" regionRef="TextRegion_1671016710934_1349"/>
        <RegionRefIndexed index="9" regionRef="TextRegion_1671016706737_1341"/>
        <RegionRefIndexed index="10" regionRef="TextRegion_1671016703106_1335"/>
        <RegionRefIndexed index="11" regionRef="TextRegion_1671016737817_1369"/>
        <RegionRefIndexed index="12" regionRef="TextRegion_1671016750198_1386"/>
        <RegionRefIndexed index="13" regionRef="TextRegion_1671016750198_1385"/>
        <RegionRefIndexed index="14" regionRef="TextRegion_1671016745261_1381"/>
        <RegionRefIndexed index="15" regionRef="TextRegion_1671016759256_1393"/>
        <RegionRefIndexed index="16" regionRef="TextRegion_1671016759256_1392"/>
      </OrderedGroup>
    </ReadingOrder>
    <TextRegion orientation="0.100059934" type="page-number" readingDirection="left-to-right" id="TextRegion_1671016666964_1319" custom="readingOrder {index:0;} structure {type:page-number;}">
      <Coords points="155,447 327,447 327,513 155,513"/>
      <TextLine id="line_1671016667067_1322" custom="readingOrder {index:0;}">
        <Coords points="155,450 209,450 295,456 321,451 327,450 327,508 320,511 237,513 155,510"/>
        <Word id="region0000_line0001_word0000" custom="readingOrder {index:0;}">
          <Coords points="237,473 161,473 161,510 237,513"/>
          <TextEquiv conf="0.92140406">
            <Unicode>793</Unicode>
          </TextEquiv>
        </Word>
        <TextEquiv conf="0.9066071">
          <Unicode>793</Unicode>
        </TextEquiv>
      </TextLine>
      <TextEquiv>
        <Unicode>793 Erd</Unicode>
      </TextEquiv>
    </TextRegion>
    <TextRegion orientation="0.100059934" type="header" readingDirection="left-to-right" id="TextRegion_1671016666963_1318" custom="readingOrder {index:1;} structure {type:header;}">
      <Coords points="327,447 523,447 523,513 327,513"/>
      <TextLine id="line_1671016667067_1321" custom="readingOrder {index:0;}">
        <Coords points="327,450 422,448 522,449 522,508 433,511 332,507 327,508"/>
        <Word id="region0000_line0001_word0001" custom="readingOrder {index:0;}">
          <Coords points="519,468 414,469 414,510 433,511 519,508"/>
          <TextEquiv conf="0.8918102">
            <Unicode>Erd</Unicode>
          </TextEquiv>
        </Word>
        <TextEquiv conf="0.9066071">
          <Unicode>Erd</Unicode>
        </TextEquiv>
      </TextLine>
      <TextEquiv>
        <Unicode>793 Erd</Unicode>
      </TextEquiv>
    </TextRegion>
    <TextRegion orientation="0.100059934" type="header" readingDirection="left-to-right" id="TextRegion_1671016680794_1328" custom="readingOrder {index:2;} structure {type:header;}">
      <Coords points="1084,440 1275,440 1275,513 1084,513"/>
      <TextLine id="line_1671016680895_1331" custom="readingOrder {index:0;}">
        <Coords points="1084,443 1100,441 1145,444 1165,441 1265,443 1275,443 1275,495 1272,498 1195,502 1084,502"/>
        <Word id="region0002_line0001_word0000" custom="readingOrder {index:0;}">
          <Coords points="1195,457 1090,457 1090,502 1195,502"/>
          <TextEquiv conf="0.91595">
            <Unicode>Erd</Unicode>
          </TextEquiv>
        </Word>
        <TextEquiv conf="0.91922307">
          <Unicode>Erd</Unicode>
        </TextEquiv>
      </TextLine>
      <TextEquiv>
        <Unicode>Erd 794</Unicode>
      </TextEquiv>
    </TextRegion>
    <TextRegion orientation="0.100059934" type="page-number" readingDirection="left-to-right" id="TextRegion_1671016680794_1327" custom="readingOrder {index:3;} structure {type:page-number;}">
      <Coords points="1275,440 1464,440 1464,513 1275,513"/>
      <TextLine id="line_1671016680895_1330" custom="readingOrder {index:0;}">
        <Coords points="1275,443 1287,444 1293,452 1400,452 1457,456 1463,458 1463,507 1455,512 1422,508 1416,512 1309,513 1302,503 1282,502 1276,495 1275,495"/>
        <Word id="region0002_line0001_word0001" custom="readingOrder {index:0;}">
          <Coords points="1371,464 1460,464 1460,507 1371,507"/>
          <TextEquiv conf="0.9224961">
            <Unicode>794</Unicode>
          </TextEquiv>
        </Word>
        <TextEquiv conf="0.91922307">
          <Unicode>794</Unicode>
        </TextEquiv>
      </TextLine>
      <TextEquiv>
        <Unicode>Erd 794</Unicode>
      </TextEquiv>
    </TextRegion>
    <TextRegion orientation="0.100059934" readingDirection="left-to-right" id="TextRegion_1671016727308_1364" custom="readingOrder {index:4;}">
      <Coords points="152,527 800,527 800,665 152,665"/>
      <TextLine id="region0001_line0001" custom="readingOrder {index:0;}">
        <Coords points="158,528 152,531 152,573 183,577 254,580 329,578 376,582 407,579 441,580 451,576 511,576 554,578 563,581 584,573 607,572 613,575 619,571 633,570 690,573 697,570 731,568 755,573 799,573 799,532 730,532 727,527 708,527 706,532 657,533 648,527 597,527 593,535 584,536 579,527 562,527 552,537 506,537 501,532 491,532 485,537 477,538 398,540 393,533 385,531 333,531 319,538 301,538 288,533 278,533 273,537 247,539 240,529 230,529 223,537 217,537 194,534 192,528"/>
        <Baseline points="152,563 345,572 799,563"/>
        <Word id="region0001_line0001_word0000" custom="readingOrder {index:0;}">
          <Coords points="162,533 162,571 210,571 210,536 194,534 193,533"/>
          <TextEquiv conf="0.92252976">
            <Unicode>ihn</Unicode>
          </TextEquiv>
        </Word>
        <Word id="region0001_line0001_word0001" custom="readingOrder {index:1;}">
          <Coords points="231,537 231,570 260,570 260,538 247,539 245,537"/>
          <TextEquiv conf="0.92821395">
            <Unicode>in</Unicode>
          </TextEquiv>
        </Word>
        <Word id="region0001_line0001_word0002" custom="readingOrder {index:2;}">
          <Coords points="281,539 330,539 330,569 281,569"/>
          <TextEquiv conf="0.93175775">
            <Unicode>der</Unicode>
          </TextEquiv>
        </Word>
        <Word id="region0001_line0001_word0003" custom="readingOrder {index:3;}">
          <Coords points="344,537 344,570 454,569 454,538 398,540 395,536"/>
          <TextEquiv conf="0.93180954">
            <Unicode>Sonne</Unicode>
          </TextEquiv>
        </Word>
        <Word id="region0001_line0001_word0004" custom="readingOrder {index:4;}">
          <Coords points="477,538 541,538 541,568 477,568"/>
          <TextEquiv conf="0.9296515">
            <Unicode>oder</Unicode>
          </TextEquiv>
        </Word>
        <Word id="region0001_line0001_word0005" custom="readingOrder {index:5;}">
          <Coords points="559,535 559,574 581,574 584,573 607,572 611,574 614,574 619,571 628,570 628,535 593,535 584,536 583,535"/>
          <TextEquiv>
            <Unicode>ſonſt</Unicode>
          </TextEquiv>
        </Word>
        <Word id="region0001_line0001_word0006" custom="readingOrder {index:6;}">
          <Coords points="643,543 681,543 681,566 643,566"/>
          <TextEquiv conf="0.91716766">
            <Unicode>an</Unicode>
          </TextEquiv>
        </Word>
        <Word id="region0001_line0001_word0007" custom="readingOrder {index:7;}">
          <Coords points="698,534 790,534 790,567 698,567"/>
          <TextEquiv conf="0.9231229">
            <Unicode>einem</Unicode>
          </TextEquiv>
        </Word>
        <TextEquiv>
          <Unicode>ihn in der Sonne oder ſonſt an einem</Unicode>
        </TextEquiv>
      </TextLine>
      <TextLine id="region0001_line0002" custom="readingOrder {index:1;}">
        <Coords points="722,569 697,571 687,575 647,571 619,572 613,576 607,573 584,574 563,582 519,580 511,577 451,577 441,581 407,580 384,583 297,579 287,583 257,583 152,575 152,618 195,621 223,619 235,623 272,621 278,624 314,621 320,625 340,622 360,622 369,625 379,620 390,620 445,625 462,619 490,618 512,622 544,620 555,615 570,619 603,616 656,618 721,612 732,612 736,615 799,615 799,575 755,574"/>
        <Baseline points="152,608 352,615 799,605"/>
        <Word id="region0001_line0002_word0000" custom="readingOrder {index:0;}">
          <Coords points="162,582 162,612 289,612 289,582 287,583 257,583 243,582"/>
          <TextEquiv conf="0.92192495">
            <Unicode>warmen</Unicode>
          </TextEquiv>
        </Word>
        <Word id="region0001_line0002_word0001" custom="readingOrder {index:1;}">
          <Coords points="318,582 318,612 378,612 378,582 362,582"/>
          <TextEquiv conf="0.92847747">
            <Unicode>Ort</Unicode>
          </TextEquiv>
        </Word>
        <Word id="region0001_line0002_word0002" custom="readingOrder {index:2;}">
          <Coords points="444,579 441,581 409,580 409,620 460,619 462,619 490,618 497,619 545,619 555,615 569,618 569,579 563,582 519,580 517,579"/>
          <TextEquiv conf="0.91362035">
            <Unicode>deſtilliren.</Unicode>
          </TextEquiv>
        </Word>
        <Word id="region0001_line0002_word0003" custom="readingOrder {index:3;}">
          <Coords points="612,579 693,579 693,613 612,613"/>
          <TextEquiv conf="0.9042737">
            <Unicode>Man</Unicode>
          </TextEquiv>
        </Word>
        <Word id="region0001_line0002_word0004" custom="readingOrder {index:4;}">
          <Coords points="718,577 791,577 791,611 718,611"/>
          <TextEquiv conf="0.92991686">
            <Unicode>kann</Unicode>
          </TextEquiv>
        </Word>
        <TextEquiv conf="0.9196427">
          <Unicode>warmen Ort deſtilliren. Man kann</Unicode>
        </TextEquiv>
      </TextLine>
      <TextLine id="region0001_line0003" custom="readingOrder {index:2;}">
        <Coords points="721,613 679,619 603,617 570,620 555,616 535,624 507,624 501,620 475,619 456,621 445,626 412,626 406,622 390,621 379,621 369,626 360,623 320,626 314,622 306,622 279,627 272,622 253,626 223,620 206,623 166,620 152,622 152,661 206,666 216,672 226,672 231,668 387,667 398,668 404,674 424,672 429,668 511,662 562,662 597,666 623,660 718,659 724,665 733,665 739,659 799,660 799,619 737,617 732,613"/>
        <Baseline points="152,651 248,658 799,650"/>
        <Word id="region0001_line0003_word0000" custom="readingOrder {index:0;}">
          <Coords points="161,623 161,661 173,663 230,663 230,623 206,623"/>
          <TextEquiv conf="0.9306862">
            <Unicode>auch</Unicode>
          </TextEquiv>
        </Word>
        <Word id="region0001_line0003_word0001" custom="readingOrder {index:1;}">
          <Coords points="257,625 253,626 248,625 248,656 292,656 292,625 289,625 279,627 276,625"/>
          <TextEquiv conf="0.9251516">
            <Unicode>ein</Unicode>
          </TextEquiv>
        </Word>
        <Word id="region0001_line0003_word0002" custom="readingOrder {index:2;}">
          <Coords points="304,623 304,663 458,662 458,622 453,622 445,626 412,626 406,622 375,622 369,626 360,623 320,626 315,622"/>
          <TextEquiv conf="0.92676985">
            <Unicode>beliebiges</Unicode>
          </TextEquiv>
        </Word>
        <Word id="region0001_line0003_word0003" custom="readingOrder {index:3;}">
          <Coords points="469,621 469,661 595,661 595,621 542,621 535,624 507,624 502,621"/>
          <TextEquiv conf="0.88361967">
            <Unicode>Gewuͤrz</Unicode>
          </TextEquiv>
        </Word>
        <Word id="region0001_line0003_word0004" custom="readingOrder {index:4;}">
          <Coords points="604,624 696,624 696,653 604,653"/>
          <TextEquiv conf="0.927196">
            <Unicode>daran</Unicode>
          </TextEquiv>
        </Word>
        <Word id="region0001_line0003_word0005" custom="readingOrder {index:5;}">
          <Coords points="708,621 790,621 790,659 708,659"/>
          <TextEquiv conf="0.9257152">
            <Unicode>thun.</Unicode>
          </TextEquiv>
        </Word>
        <TextEquiv conf="0.9198564">
          <Unicode>auch ein beliebiges Gewuͤrz daran thun.</Unicode>
        </TextEquiv>
      </TextLine>
      <TextEquiv>
        <Unicode>ihn in der Sonne oder ſonſt an einem
warmen Ort deſtilliren. Man kann
auch ein beliebiges Gewuͤrz daran thun.</Unicode>
      </TextEquiv>
    </TextRegion>
    <TextRegion orientation="0.100059934" readingDirection="left-to-right" id="TextRegion_1671016727308_1363" custom="readingOrder {index:5;}">
      <Coords points="152,665 800,665 800,1242 152,1242"/>
      <TextLine id="region0001_line0004" custom="readingOrder {index:0;}">
        <Coords points="694,661 683,667 660,662 620,662 608,664 601,671 596,667 578,664 511,663 467,666 459,674 346,679 322,679 308,673 293,676 256,676 248,672 212,671 155,673 152,675 152,706 158,709 159,714 166,716 206,719 224,717 230,720 318,718 333,715 399,717 417,713 462,714 472,717 488,713 544,714 551,710 579,709 594,713 616,713 622,709 799,712 799,671 718,670 710,669 704,661"/>
        <Baseline points="152,704 276,709 799,701"/>
        <Word id="region0001_line0004_word0000" custom="readingOrder {index:0;}">
          <Coords points="204,672 204,707 499,706 499,671 461,671 459,674 346,679 322,679 308,673 293,676 256,676 248,672 243,671"/>
          <TextEquiv>
            <Unicode>Erdbeermuß.</Unicode>
          </TextEquiv>
        </Word>
        <Word id="region0001_line0004_word0001" custom="readingOrder {index:1;}">
          <Coords points="545,671 604,671 604,704 545,704"/>
          <TextEquiv conf="0.93095833">
            <Unicode>Die</Unicode>
          </TextEquiv>
        </Word>
        <Word id="region0001_line0004_word0002" custom="readingOrder {index:2;} unclear {offset:0; length:9;}">
          <Coords points="628,670 628,705 795,705 795,670 718,670"/>
          <TextEquiv>
            <Unicode>Erdbeeren</Unicode>
          </TextEquiv>
        </Word>
        <TextEquiv>
          <Unicode>Erdbeermuß. Die Erdbeeren</Unicode>
        </TextEquiv>
      </TextLine>
      <TextLine id="region0001_line0005" custom="readingOrder {index:1;}">
        <Coords points="579,710 551,711 544,715 486,715 472,718 432,718 427,714 417,714 408,719 393,716 333,716 320,721 285,723 230,721 224,718 206,720 159,715 152,716 153,754 197,757 201,761 210,762 226,759 240,762 325,762 339,758 350,765 357,765 373,757 402,755 462,754 466,757 539,755 575,760 585,756 607,757 614,754 674,756 719,752 788,755 799,750 799,717 778,711 735,715 684,715 677,710 622,710 615,716 595,716 591,712"/>
        <Baseline points="152,746 318,752 799,741"/>
        <Word id="region0001_line0005_word0000" custom="readingOrder {index:0;}">
          <Coords points="161,723 273,723 273,752 161,752"/>
          <TextEquiv conf="0.9262134">
            <Unicode>werden</Unicode>
          </TextEquiv>
        </Word>
        <Word id="region0001_line0005_word0001" custom="readingOrder {index:1;}">
          <Coords points="371,720 322,720 320,721 292,722 293,758 339,758 371,758 371,757"/>
          <TextEquiv conf="0.93113333">
            <Unicode>nebſt</Unicode>
          </TextEquiv>
        </Word>
        <Word id="region0001_line0005_word0002" custom="readingOrder {index:2;}">
          <Coords points="402,720 476,719 476,750 402,751"/>
          <TextEquiv conf="0.92650294">
            <Unicode>einer</Unicode>
          </TextEquiv>
        </Word>
        <Word id="region0001_line0005_word0003" custom="readingOrder {index:3;}">
          <Coords points="614,718 504,718 505,756 539,755 553,757 582,757 585,756 607,757 614,754 615,754"/>
          <TextEquiv conf="0.91876143">
            <Unicode>weiſſen</Unicode>
          </TextEquiv>
        </Word>
        <Word id="region0001_line0005_word0004" custom="readingOrder {index:4;}">
          <Coords points="636,719 790,719 790,751 636,751"/>
          <TextEquiv>
            <Unicode>Semmel⸗</Unicode>
          </TextEquiv>
        </Word>
        <TextEquiv>
          <Unicode>werden nebſt einer weiſſen Semmel⸗</Unicode>
        </TextEquiv>
      </TextLine>
      <TextLine id="region0001_line0006" custom="readingOrder {index:2;}">
        <Coords points="712,753 674,757 614,755 575,761 555,757 480,760 467,759 462,755 402,756 373,758 357,766 350,766 339,759 332,759 324,764 249,764 234,760 216,764 201,762 197,758 153,755 153,804 182,804 193,807 203,801 237,802 289,809 312,807 328,800 394,798 402,798 409,802 441,801 446,797 510,799 522,796 534,802 538,799 572,799 580,796 619,796 626,800 634,797 660,802 681,796 722,795 800,800 800,759 754,758"/>
        <Baseline points="153,793 800,789"/>
        <Word id="region0001_line0006_word0000" custom="readingOrder {index:0;}">
          <Coords points="161,760 161,802 201,802 203,801 237,802 295,802 295,764 249,764 234,760 216,764 201,762 199,760"/>
          <TextEquiv conf="0.90602213">
            <Unicode>ſchnitte,</Unicode>
          </TextEquiv>
        </Word>
        <Word id="region0001_line0006_word0001" custom="readingOrder {index:1;}">
          <Coords points="387,757 373,758 357,766 350,766 348,764 348,799 387,798"/>
          <TextEquiv conf="0.90602213">
            <Unicode>in</Unicode>
          </TextEquiv>
        </Word>
        <Word id="region0001_line0006_word0002" custom="readingOrder {index:2;}">
          <Coords points="394,764 480,763 480,795 394,796"/>
          <TextEquiv conf="0.9293949">
            <Unicode>Wein</Unicode>
          </TextEquiv>
        </Word>
        <Word id="region0001_line0006_word0003" custom="readingOrder {index:3;}">
          <Coords points="668,763 517,763 517,797 522,796 530,800 536,800 538,799 572,799 580,796 619,796 626,800 634,797 649,800 667,800 668,799"/>
          <TextEquiv>
            <Unicode>geweicht,</Unicode>
          </TextEquiv>
        </Word>
        <Word id="region0001_line0006_word0004" custom="readingOrder {index:4;}">
          <Coords points="713,762 791,762 791,794 713,794"/>
          <TextEquiv conf="0.9294482">
            <Unicode>dann</Unicode>
          </TextEquiv>
        </Word>
        <TextEquiv>
          <Unicode>ſchnitte, in Wein geweicht, dann</Unicode>
        </TextEquiv>
      </TextLine>
      <TextLine id="region0001_line0007" custom="readingOrder {index:3;}">
        <Coords points="697,796 675,798 660,803 634,798 626,801 619,797 580,797 563,803 530,803 522,797 513,798 508,802 479,803 464,803 458,798 446,798 440,803 410,804 402,799 349,800 328,801 312,808 289,810 237,803 203,802 193,808 182,805 153,805 153,845 187,848 208,845 220,853 228,846 263,849 351,843 453,845 460,840 489,840 495,843 521,841 624,846 653,844 659,840 697,840 708,844 749,840 775,850 800,852 800,804 748,797"/>
        <Baseline points="153,835 745,833 800,839"/>
        <Word id="region0001_line0007_word0000" custom="readingOrder {index:0;}">
          <Coords points="161,807 161,845 187,848 208,845 212,848 225,848 228,846 240,847 240,807 194,807 193,808 189,807"/>
          <TextEquiv conf="0.9303698">
            <Unicode>nebſt</Unicode>
          </TextEquiv>
        </Word>
        <Word id="region0001_line0007_word0001" custom="readingOrder {index:1;}">
          <Coords points="256,813 319,813 319,840 256,840"/>
          <TextEquiv conf="0.92956835">
            <Unicode>dem</Unicode>
          </TextEquiv>
        </Word>
        <Word id="region0001_line0007_word0002" custom="readingOrder {index:2;}">
          <Coords points="336,806 422,806 422,841 336,841"/>
          <TextEquiv conf="0.9291463">
            <Unicode>Wein</Unicode>
          </TextEquiv>
        </Word>
        <Word id="region0001_line0007_word0003" custom="readingOrder {index:3;}">
          <Coords points="447,805 477,805 477,839 447,839"/>
          <TextEquiv conf="0.92873037">
            <Unicode>in</Unicode>
          </TextEquiv>
        </Word>
        <Word id="region0001_line0007_word0004" custom="readingOrder {index:4;}">
          <Coords points="499,806 579,806 579,839 499,839"/>
          <TextEquiv conf="0.93075746">
            <Unicode>einen</Unicode>
          </TextEquiv>
        </Word>
        <Word id="region0001_line0007_word0005" custom="readingOrder {index:5;}">
          <Coords points="792,846 792,805 597,805 597,844 624,846 653,844 659,840 697,840 708,844 749,840 764,846"/>
          <TextEquiv conf="0.9188627">
            <Unicode>Durchſchlag</Unicode>
          </TextEquiv>
        </Word>
        <TextEquiv conf="0.9279058">
          <Unicode>nebſt dem Wein in einen Durchſchlag</Unicode>
        </TextEquiv>
      </TextLine>
      <TextLine id="region0001_line0008" custom="readingOrder {index:4;}">
        <Coords points="460,841 453,846 390,847 386,844 321,845 314,848 265,850 228,847 220,854 208,846 193,849 153,849 153,894 196,894 209,891 244,895 278,891 288,887 296,887 303,891 346,887 351,893 359,894 389,888 445,888 451,885 456,885 463,892 489,885 537,885 552,889 558,886 573,889 645,888 674,892 681,892 689,887 730,886 778,893 800,892 798,853 775,851 749,841 712,845 697,841 659,841 652,848 600,848 561,844 538,847 527,846 521,842 496,845 489,841"/>
        <Baseline points="153,883 398,877 799,882"/>
        <Word id="region0001_line0008_word0000" custom="readingOrder {index:0;}">
          <Coords points="160,852 160,890 280,890 288,887 291,887 291,852 222,852 220,854 217,852"/>
          <TextEquiv conf="0.9215744">
            <Unicode>geſeihet.</Unicode>
          </TextEquiv>
        </Word>
        <Word id="region0001_line0008_word0001" custom="readingOrder {index:1;}">
          <Coords points="472,851 340,852 340,887 346,887 350,892 364,892 389,888 445,888 451,885 456,885 463,892 472,889"/>
          <TextEquiv conf="0.9231662">
            <Unicode>Hierauf</Unicode>
          </TextEquiv>
        </Word>
        <Word id="region0001_line0008_word0002" custom="readingOrder {index:2;}">
          <Coords points="563,886 563,852 496,852 496,885 537,885 540,886 558,886"/>
          <TextEquiv conf="0.92808133">
            <Unicode>thut</Unicode>
          </TextEquiv>
        </Word>
        <Word id="region0001_line0008_word0003" custom="readingOrder {index:3;}">
          <Coords points="584,860 654,860 654,884 584,884"/>
          <TextEquiv conf="0.9263452">
            <Unicode>man</Unicode>
          </TextEquiv>
        </Word>
        <Word id="region0001_line0008_word0004" custom="readingOrder {index:4;}">
          <Coords points="675,850 675,892 681,892 689,887 730,886 778,893 791,892 791,852 775,851 772,850"/>
          <TextEquiv conf="0.6820852">
            <Unicode>Zukker,</Unicode>
          </TextEquiv>
        </Word>
        <TextEquiv conf="0.87625045">
          <Unicode>geſeihet. Hierauf thut man Zukker,</Unicode>
        </TextEquiv>
      </TextLine>
      <TextLine id="region0001_line0009" custom="readingOrder {index:5;}">
        <Coords points="451,886 444,891 381,890 359,895 351,894 346,888 333,888 328,892 303,892 296,888 288,888 278,892 244,896 209,892 196,895 153,895 153,932 284,933 293,936 301,931 342,927 386,931 454,931 461,924 465,924 468,928 467,937 480,930 490,935 562,932 581,933 587,937 616,931 673,931 690,936 702,933 762,933 775,929 800,932 800,893 778,894 730,887 689,888 681,893 579,892 568,887 552,890 537,886 489,886 463,893 456,886"/>
        <Baseline points="153,922 800,922"/>
        <Word id="region0001_line0009_word0000" custom="readingOrder {index:0;}">
          <Coords points="160,899 215,899 215,927 160,927"/>
          <TextEquiv conf="0.918509">
            <Unicode>und</Unicode>
          </TextEquiv>
        </Word>
        <Word id="region0001_line0009_word0001" custom="readingOrder {index:1;}">
          <Coords points="283,890 278,892 244,896 232,894 232,932 284,933 293,936 301,931 303,930 303,892 299,890"/>
          <TextEquiv>
            <Unicode>noch</Unicode>
          </TextEquiv>
        </Word>
        <Word id="region0001_line0009_word0002" custom="readingOrder {index:2;}">
          <Coords points="320,895 364,895 364,926 320,926"/>
          <TextEquiv conf="0.932011">
            <Unicode>ein</Unicode>
          </TextEquiv>
        </Word>
        <Word id="region0001_line0009_word0003" custom="readingOrder {index:3;}">
          <Coords points="479,894 384,895 384,930 386,931 454,931 461,924 465,924 468,928 467,934 472,934 479,930"/>
          <TextEquiv conf="0.9220633">
            <Unicode>wenig</Unicode>
          </TextEquiv>
        </Word>
        <Word id="region0001_line0009_word0004" custom="readingOrder {index:4;}">
          <Coords points="495,893 495,932 562,932 611,932 616,931 673,931 676,932 711,932 711,893 681,893"/>
          <TextEquiv conf="0.89298844">
            <Unicode>Waizzenmehl</Unicode>
          </TextEquiv>
        </Word>
        <Word id="region0001_line0009_word0005" custom="readingOrder {index:5;}">
          <Coords points="726,896 792,896 792,926 726,926"/>
          <TextEquiv>
            <Unicode>dar⸗</Unicode>
          </TextEquiv>
        </Word>
        <TextEquiv>
          <Unicode>und noch ein wenig Waizzenmehl dar⸗</Unicode>
        </TextEquiv>
      </TextLine>
      <TextLine id="region0001_line0010" custom="readingOrder {index:6;}">
        <Coords points="461,925 453,934 439,931 411,935 342,928 301,932 293,937 284,934 226,938 153,936 153,972 186,973 207,983 215,980 283,976 351,979 366,976 486,975 554,980 674,976 734,978 740,974 763,976 766,979 772,979 776,975 800,976 800,937 788,936 781,930 767,931 758,937 690,937 673,932 616,932 595,938 562,933 553,936 490,936 480,931 467,938 467,928"/>
        <Baseline points="153,965 800,966"/>
        <Word id="region0001_line0010_word0000" custom="readingOrder {index:0;}">
          <Coords points="217,975 217,941 161,941 161,972 186,973 190,975"/>
          <TextEquiv conf="0.9285834">
            <Unicode>an,</Unicode>
          </TextEquiv>
        </Word>
        <Word id="region0001_line0010_word0001" custom="readingOrder {index:1;}">
          <Coords points="241,941 299,941 299,968 241,968"/>
          <TextEquiv conf="0.9285834">
            <Unicode>und</Unicode>
          </TextEquiv>
        </Word>
        <Word id="region0001_line0010_word0002" custom="readingOrder {index:2;}">
          <Coords points="322,933 387,933 387,975 322,975"/>
          <TextEquiv conf="0.9284933">
            <Unicode>laͤßt</Unicode>
          </TextEquiv>
        </Word>
        <Word id="region0001_line0010_word0003" custom="readingOrder {index:3;}">
          <Coords points="408,939 439,938 439,968 408,969"/>
          <TextEquiv conf="0.9313425">
            <Unicode>es</Unicode>
          </TextEquiv>
        </Word>
        <Word id="region0001_line0010_word0004" custom="readingOrder {index:4;}">
          <Coords points="460,968 540,968 540,936 490,936 480,931 467,938 467,928 461,925 460,926"/>
          <TextEquiv conf="0.93168396">
            <Unicode>einen</Unicode>
          </TextEquiv>
        </Word>
        <Word id="region0001_line0010_word0005" custom="readingOrder {index:5;}">
          <Coords points="558,936 558,970 630,970 630,936 602,936 595,938 581,936"/>
          <TextEquiv conf="0.92933077">
            <Unicode>Sud</Unicode>
          </TextEquiv>
        </Word>
        <Word id="region0001_line0010_word0006" custom="readingOrder {index:6;}">
          <Coords points="650,936 650,972 741,972 741,937 690,937 686,936"/>
          <TextEquiv conf="0.9272261">
            <Unicode>thun,</Unicode>
          </TextEquiv>
        </Word>
        <Word id="region0001_line0010_word0007" custom="readingOrder {index:7;}">
          <Coords points="764,933 764,973 792,973 792,936 788,936 784,933"/>
          <TextEquiv conf="0.92783296">
            <Unicode>ſo</Unicode>
          </TextEquiv>
        </Word>
        <TextEquiv conf="0.92913455">
          <Unicode>an, und laͤßt es einen Sud thun, ſo</Unicode>
        </TextEquiv>
      </TextLine>
      <TextLine id="region0001_line0011" custom="readingOrder {index:7;}">
        <Coords points="153,973 153,1019 198,1020 212,1017 266,1020 272,1017 346,1016 370,1018 375,1021 416,1021 433,1018 439,1020 492,1021 502,1018 549,1017 569,1021 595,1021 605,1018 702,1020 709,1017 758,1017 800,1021 800,977 776,976 772,980 766,980 763,977 740,975 734,979 674,977 638,981 554,981 490,979 486,976 475,976 471,979 377,980 366,977 358,980 285,978 215,981 207,984 186,974"/>
        <Baseline points="153,1009 800,1011"/>
        <Word id="region0001_line0011_word0000" custom="readingOrder {index:0;}">
          <Coords points="159,979 159,1013 232,1013 232,980 215,981 207,984 196,979"/>
          <TextEquiv conf="0.9276998">
            <Unicode>kann</Unicode>
          </TextEquiv>
        </Word>
        <Word id="region0001_line0011_word0001" custom="readingOrder {index:1;}">
          <Coords points="249,986 318,986 318,1011 249,1011"/>
          <TextEquiv conf="0.9188606">
            <Unicode>man</Unicode>
          </TextEquiv>
        </Word>
        <Word id="region0001_line0011_word0002" custom="readingOrder {index:2;}">
          <Coords points="336,983 367,983 367,1013 336,1013"/>
          <TextEquiv conf="0.9188606">
            <Unicode>es</Unicode>
          </TextEquiv>
        </Word>
        <Word id="region0001_line0011_word0003" custom="readingOrder {index:3;}">
          <Coords points="386,982 527,981 527,1011 386,1012"/>
          <TextEquiv conf="0.93000114">
            <Unicode>entweder</Unicode>
          </TextEquiv>
        </Word>
        <Word id="region0001_line0011_word0004" custom="readingOrder {index:4;}">
          <Coords points="545,987 638,987 638,1011 545,1011"/>
          <TextEquiv conf="0.9276182">
            <Unicode>warm</Unicode>
          </TextEquiv>
        </Word>
        <Word id="region0001_line0011_word0005" custom="readingOrder {index:5;}">
          <Coords points="655,981 720,981 720,1011 655,1011"/>
          <TextEquiv conf="0.9297635">
            <Unicode>oder</Unicode>
          </TextEquiv>
        </Word>
        <Word id="region0001_line0011_word0006" custom="readingOrder {index:6;}">
          <Coords points="736,978 736,1012 794,1012 794,978 774,978 772,980 766,980 764,978"/>
          <TextEquiv>
            <Unicode>kalt</Unicode>
          </TextEquiv>
        </Word>
        <TextEquiv>
          <Unicode>kann man es entweder warm oder kalt</Unicode>
        </TextEquiv>
      </TextLine>
      <TextLine id="region0001_line0012" custom="readingOrder {index:8;}">
        <Coords points="334,1017 272,1018 264,1023 212,1018 196,1022 153,1021 153,1058 181,1059 201,1066 214,1063 257,1065 277,1062 288,1067 326,1067 335,1070 351,1067 357,1071 365,1071 371,1067 395,1071 404,1069 409,1064 435,1066 442,1061 500,1069 510,1069 514,1065 531,1068 542,1064 552,1068 569,1067 589,1061 611,1062 615,1065 629,1063 635,1067 688,1064 697,1061 722,1067 741,1064 744,1061 758,1064 800,1064 800,1028 779,1019 709,1018 698,1023 605,1019 571,1023 562,1019 543,1018 502,1019 486,1024 457,1024 440,1023 433,1019 419,1020 413,1024 385,1024 370,1019"/>
        <Baseline points="153,1051 512,1059 800,1054"/>
        <Word id="region0001_line0012_word0000" custom="readingOrder {index:0;}">
          <Coords points="215,1030 160,1030 160,1058 181,1059 201,1066 214,1063 215,1063"/>
          <TextEquiv conf="0.932136">
            <Unicode>auf</Unicode>
          </TextEquiv>
        </Word>
        <Word id="region0001_line0012_word0001" custom="readingOrder {index:1;}">
          <Coords points="228,1034 279,1034 279,1062 228,1062"/>
          <TextEquiv conf="0.92719996">
            <Unicode>den</Unicode>
          </TextEquiv>
        </Word>
        <Word id="region0001_line0012_word0002" custom="readingOrder {index:2;}">
          <Coords points="371,1029 290,1029 290,1067 326,1067 332,1069 340,1069 351,1067 354,1069 368,1069 371,1067"/>
          <TextEquiv conf="0.9251993">
            <Unicode>Tiſch</Unicode>
          </TextEquiv>
        </Word>
        <Word id="region0001_line0012_word0003" custom="readingOrder {index:3;}">
          <Coords points="487,1027 387,1028 387,1069 404,1068 409,1064 435,1066 442,1061 487,1067"/>
          <TextEquiv conf="0.92769605">
            <Unicode>geben.</Unicode>
          </TextEquiv>
        </Word>
        <Word id="region0001_line0012_word0004" custom="readingOrder {index:4;}">
          <Coords points="588,1027 532,1027 532,1065 539,1065 542,1064 544,1065 575,1065 588,1061"/>
          <TextEquiv conf="0.28848633">
            <Unicode>Jm</Unicode>
          </TextEquiv>
        </Word>
        <Word id="region0001_line0012_word0005" custom="readingOrder {index:5;}">
          <Coords points="714,1028 603,1028 603,1061 611,1062 615,1065 629,1063 633,1066 652,1066 688,1064 697,1061 714,1065"/>
          <TextEquiv conf="0.28848633">
            <Unicode>letztern</Unicode>
          </TextEquiv>
        </Word>
        <Word id="region0001_line0012_word0006" custom="readingOrder {index:6;}">
          <Coords points="792,1028 723,1028 723,1066 741,1064 744,1061 758,1064 792,1064"/>
          <TextEquiv>
            <Unicode>Fal⸗</Unicode>
          </TextEquiv>
        </Word>
        <TextEquiv>
          <Unicode>auf den Tiſch geben. Jm letztern Fal⸗</Unicode>
        </TextEquiv>
      </TextLine>
      <TextLine id="region0001_line0013" custom="readingOrder {index:9;}">
        <Coords points="153,1059 152,1105 195,1108 256,1106 267,1113 278,1110 369,1108 423,1112 435,1109 453,1111 535,1110 545,1114 556,1110 594,1112 600,1108 696,1108 715,1104 736,1109 748,1106 780,1113 799,1112 800,1068 762,1068 752,1062 723,1068 704,1062 668,1068 635,1068 629,1064 615,1066 611,1063 589,1062 580,1067 552,1069 542,1065 527,1069 524,1066 514,1066 510,1070 459,1068 454,1063 442,1062 435,1067 409,1065 404,1070 395,1072 381,1069 357,1072 352,1069 286,1069 277,1063 266,1063 257,1068 216,1064 201,1067 187,1061"/>
        <Baseline points="152,1096 799,1101"/>
        <Word id="region0001_line0013_word0000" custom="readingOrder {index:0;}">
          <Coords points="160,1068 186,1068 186,1101 160,1101"/>
          <TextEquiv conf="0.93082047">
            <Unicode>le</Unicode>
          </TextEquiv>
        </Word>
        <Word id="region0001_line0013_word0001" custom="readingOrder {index:1;}">
          <Coords points="209,1068 209,1107 225,1107 256,1106 257,1107 277,1107 277,1068 257,1068"/>
          <TextEquiv conf="0.930887">
            <Unicode>darf</Unicode>
          </TextEquiv>
        </Word>
        <Word id="region0001_line0013_word0002" custom="readingOrder {index:2;}">
          <Coords points="295,1077 364,1077 364,1101 295,1101"/>
          <TextEquiv conf="0.9280965">
            <Unicode>man</Unicode>
          </TextEquiv>
        </Word>
        <Word id="region0001_line0013_word0003" custom="readingOrder {index:3;}">
          <Coords points="388,1100 420,1100 420,1070 404,1070 395,1072 388,1070"/>
          <TextEquiv conf="0.85809934">
            <Unicode>es</Unicode>
          </TextEquiv>
        </Word>
        <Word id="region0001_line0013_word0004" custom="readingOrder {index:4;}">
          <Coords points="441,1062 435,1067 421,1065 421,1111 423,1112 435,1109 451,1110 451,1062 444,1062"/>
          <TextEquiv conf="0.9312779">
            <Unicode>ja</Unicode>
          </TextEquiv>
        </Word>
        <Word id="region0001_line0013_word0005" custom="readingOrder {index:5;}">
          <Coords points="512,1068 510,1070 494,1069 494,1108 570,1108 570,1068 566,1068 552,1069 549,1068 530,1068 527,1069 526,1068"/>
          <TextEquiv>
            <Unicode>nicht</Unicode>
          </TextEquiv>
        </Word>
        <Word id="region0001_line0013_word0006" custom="readingOrder {index:6;}">
          <Coords points="586,1067 586,1106 676,1106 676,1067 674,1067 668,1068 635,1068 633,1067"/>
          <TextEquiv conf="0.9220216">
            <Unicode>ſieden</Unicode>
          </TextEquiv>
        </Word>
        <Word id="region0001_line0013_word0007" custom="readingOrder {index:7;}">
          <Coords points="694,1067 694,1108 696,1108 715,1104 731,1108 740,1108 748,1106 757,1108 793,1108 793,1068 762,1068 760,1067 727,1067 723,1068 719,1067"/>
          <TextEquiv conf="0.92371523">
            <Unicode>laſſen,</Unicode>
          </TextEquiv>
        </Word>
        <TextEquiv>
          <Unicode>le darf man es ja nicht ſieden laſſen,</Unicode>
        </TextEquiv>
      </TextLine>
      <TextLine id="region0001_line0014" custom="readingOrder {index:10;}">
        <Coords points="706,1105 692,1112 638,1111 624,1108 619,1111 553,1112 545,1115 535,1111 453,1112 435,1110 429,1113 379,1113 375,1110 361,1109 354,1113 340,1114 267,1114 256,1107 152,1108 152,1144 218,1148 237,1150 241,1153 303,1153 323,1150 327,1154 374,1155 382,1158 403,1156 415,1150 440,1149 448,1152 453,1149 527,1148 543,1152 565,1152 569,1149 610,1148 695,1152 707,1156 715,1152 799,1152 799,1113 780,1114 748,1107 736,1110"/>
        <Baseline points="152,1137 362,1145 799,1142"/>
        <Word id="region0001_line0014_word0000" custom="readingOrder {index:0;}">
          <Coords points="219,1145 219,1116 160,1116 160,1144 168,1145"/>
          <TextEquiv conf="0.9296782">
            <Unicode>und</Unicode>
          </TextEquiv>
        </Word>
        <Word id="region0001_line0014_word0001" custom="readingOrder {index:1;} unclear {offset:0; length:4;}">
          <Coords points="242,1113 242,1145 316,1145 316,1114 267,1114 265,1113"/>
          <TextEquiv>
            <Unicode>kann</Unicode>
          </TextEquiv>
        </Word>
        <Word id="region0001_line0014_word0002" custom="readingOrder {index:2;}">
          <Coords points="340,1115 392,1115 392,1151 340,1151"/>
          <TextEquiv conf="0.92845666">
            <Unicode>es,</Unicode>
          </TextEquiv>
        </Word>
        <Word id="region0001_line0014_word0003" custom="readingOrder {index:3;}">
          <Coords points="471,1114 422,1115 422,1150 440,1149 442,1150 452,1149 453,1149 471,1149"/>
          <TextEquiv conf="0.93153644">
            <Unicode>ehe</Unicode>
          </TextEquiv>
        </Word>
        <Word id="region0001_line0014_word0004" custom="readingOrder {index:4;}">
          <Coords points="499,1119 569,1119 569,1143 499,1143"/>
          <TextEquiv conf="0.92893654">
            <Unicode>man</Unicode>
          </TextEquiv>
        </Word>
        <Word id="region0001_line0014_word0005" custom="readingOrder {index:5;}">
          <Coords points="599,1115 631,1115 631,1143 599,1143"/>
          <TextEquiv conf="0.93126565">
            <Unicode>es</Unicode>
          </TextEquiv>
        </Word>
        <Word id="region0001_line0014_word0006" custom="readingOrder {index:6;}">
          <Coords points="714,1151 714,1110 696,1110 692,1112 659,1111 659,1150 673,1151"/>
          <TextEquiv conf="0.9269268">
            <Unicode>auf</Unicode>
          </TextEquiv>
        </Word>
        <Word id="region0001_line0014_word0007" custom="readingOrder {index:7;}">
          <Coords points="739,1113 739,1144 794,1144 794,1113 780,1114 775,1113"/>
          <TextEquiv conf="0.9315938">
            <Unicode>den</Unicode>
          </TextEquiv>
        </Word>
        <TextEquiv>
          <Unicode>und kann es, ehe man es auf den</Unicode>
        </TextEquiv>
      </TextLine>
      <TextLine id="region0001_line0015" custom="readingOrder {index:11;}">
        <Coords points="152,1145 152,1188 196,1191 207,1198 226,1194 255,1197 264,1188 271,1193 271,1200 275,1201 287,1197 314,1197 321,1193 331,1193 348,1201 357,1198 414,1197 451,1205 510,1196 596,1205 608,1205 639,1197 672,1197 676,1210 687,1211 695,1197 799,1196 799,1154 784,1152 761,1155 714,1154 707,1157 695,1153 640,1155 633,1150 610,1149 569,1150 564,1154 527,1149 453,1150 448,1153 440,1150 415,1151 403,1157 382,1159 374,1156 327,1155 323,1151 311,1151 301,1155 281,1152 276,1157 242,1156 237,1151"/>
        <Baseline points="152,1183 576,1192 799,1186"/>
        <Word id="region0001_line0015_word0000" custom="readingOrder {index:0;}">
          <Coords points="161,1155 161,1188 196,1191 205,1197 211,1197 226,1194 243,1195 243,1156 242,1156 241,1155"/>
          <TextEquiv conf="0.92326146">
            <Unicode>Tiſch</Unicode>
          </TextEquiv>
        </Word>
        <Word id="region0001_line0015_word0001" custom="readingOrder {index:1;}">
          <Coords points="358,1197 358,1158 263,1158 263,1189 264,1188 271,1193 271,1197 287,1197 314,1197 321,1193 331,1193 339,1197"/>
          <TextEquiv conf="0.92108047">
            <Unicode>giebt,</Unicode>
          </TextEquiv>
        </Word>
        <Word id="region0001_line0015_word0002" custom="readingOrder {index:2;}">
          <Coords points="382,1191 438,1191 438,1157 403,1157 382,1159"/>
          <TextEquiv conf="0.92250913">
            <Unicode>mit</Unicode>
          </TextEquiv>
        </Word>
        <Word id="region0001_line0015_word0003" custom="readingOrder {index:3;}">
          <Coords points="574,1198 574,1155 451,1155 451,1198 496,1198 510,1196 529,1198"/>
          <TextEquiv conf="0.93032056">
            <Unicode>Zukker,</Unicode>
          </TextEquiv>
        </Word>
        <Word id="region0001_line0015_word0004" custom="readingOrder {index:4;}">
          <Coords points="596,1155 596,1203 615,1203 639,1197 672,1197 673,1203 691,1203 695,1197 708,1196 708,1156 707,1157 701,1155 640,1155"/>
          <TextEquiv>
            <Unicode>Zimmt</Unicode>
          </TextEquiv>
        </Word>
        <Word id="region0001_line0015_word0005" custom="readingOrder {index:5;}">
          <Coords points="735,1159 794,1159 794,1188 735,1188"/>
          <TextEquiv conf="0.9293317">
            <Unicode>und</Unicode>
          </TextEquiv>
        </Word>
        <TextEquiv>
          <Unicode>Tiſch giebt, mit Zukker, Zimmt und</Unicode>
        </TextEquiv>
      </TextLine>
      <TextLine id="region0001_line0016" custom="readingOrder {index:12;}">
        <Coords points="152,1189 152,1240 200,1239 206,1244 225,1244 231,1240 312,1240 363,1247 369,1243 386,1241 456,1240 465,1234 465,1216 462,1212 437,1212 434,1203 421,1199 357,1199 348,1202 331,1194 321,1194 312,1199 284,1199 275,1202 270,1200 270,1193 264,1189 255,1198 226,1195 207,1199 196,1192"/>
        <Baseline points="152,1231 465,1231"/>
        <Word id="word_1671016724220_1360" custom="readingOrder {index:0;}">
          <Coords points="161,1193 197,1193 207,1199 226,1195 255,1198 260,1193 270,1193 270,1200 275,1202 276,1201 276,1240 231,1240 228,1242 203,1242 200,1239 161,1239"/>
          <TextEquiv conf="0.88996935">
            <Unicode>Jngber</Unicode>
          </TextEquiv>
        </Word>
        <Word id="region0001_line0016_word0001" custom="readingOrder {index:1;}">
          <Coords points="287,1200 287,1240 312,1240 415,1240 415,1200 354,1200 348,1202 343,1200"/>
          <TextEquiv conf="0.9289153">
            <Unicode>wuͤrzen.</Unicode>
          </TextEquiv>
        </Word>
        <TextEquiv conf="0.9094423">
          <Unicode>Jngber wuͤrzen.</Unicode>
        </TextEquiv>
      </TextLine>
      <TextEquiv>
        <Unicode>Erdbeermuß. Die Erdbeeren
werden nebſt einer weiſſen Semmel⸗
ſchnitte, in Wein geweicht, dann
nebſt dem Wein in einen Durchſchlag
geſeihet. Hierauf thut man Zukker,
und noch ein wenig Waizzenmehl dar⸗
an, und laͤßt es einen Sud thun, ſo
kann man es entweder warm oder kalt
auf den Tiſch geben. Jm letztern Fal⸗
le darf man es ja nicht ſieden laſſen,
und kann es, ehe man es auf den
Tiſch giebt, mit Zukker, Zimmt und
Jngber wuͤrzen.</Unicode>
      </TextEquiv>
    </TextRegion>
    <TextRegion orientation="0.100059934" readingDirection="left-to-right" id="TextRegion_1671016724117_1357" custom="readingOrder {index:6;}">
      <Coords points="152,1242 800,1242 800,1506 152,1506"/>
      <TextLine id="region0001_line0017" custom="readingOrder {index:0;}">
        <Coords points="737,1239 717,1240 708,1245 696,1244 691,1249 677,1250 615,1250 577,1241 499,1242 488,1250 464,1249 455,1242 447,1242 436,1250 432,1250 424,1243 395,1243 389,1251 382,1252 330,1252 312,1249 307,1245 291,1249 259,1249 245,1244 160,1245 152,1249 152,1278 164,1287 186,1286 191,1289 214,1291 306,1291 322,1288 355,1292 389,1292 395,1296 403,1296 409,1291 429,1291 449,1295 454,1292 517,1293 524,1289 552,1289 559,1293 567,1290 604,1288 635,1289 663,1294 707,1290 723,1292 735,1286 740,1286 748,1292 799,1293 799,1246 764,1240"/>
        <Baseline points="152,1275 799,1283"/>
        <Word id="region0001_line0017_word0000" custom="readingOrder {index:0;}">
          <Coords points="204,1252 204,1290 313,1289 322,1288 334,1289 483,1289 483,1251 386,1251 382,1252 330,1252 327,1251"/>
          <TextEquiv conf="0.7827171">
            <Unicode>Erdbeerſaft.</Unicode>
          </TextEquiv>
        </Word>
        <Word id="region0001_line0017_word0001" custom="readingOrder {index:1;}">
          <Coords points="539,1251 621,1251 621,1286 539,1286"/>
          <TextEquiv conf="0.92907166">
            <Unicode>Man</Unicode>
          </TextEquiv>
        </Word>
        <Word id="region0001_line0017_word0002" custom="readingOrder {index:2;}">
          <Coords points="794,1291 794,1248 692,1248 691,1249 677,1250 652,1250 652,1291 696,1291 707,1290 715,1291 725,1291 735,1286 740,1286 746,1291"/>
          <TextEquiv conf="0.917986">
            <Unicode>zerdruͤckt</Unicode>
          </TextEquiv>
        </Word>
        <TextEquiv conf="0.8765916">
          <Unicode>Erdbeerſaft. Man zerdruͤckt</Unicode>
        </TextEquiv>
      </TextLine>
      <TextLine id="region0001_line0018" custom="readingOrder {index:1;}">
        <Coords points="174,1287 152,1288 153,1329 214,1335 230,1332 239,1338 251,1340 284,1337 293,1333 340,1340 364,1334 394,1333 399,1328 409,1335 420,1334 428,1337 503,1335 530,1336 536,1340 564,1334 596,1337 603,1333 617,1333 623,1336 673,1336 680,1332 703,1332 707,1335 775,1336 794,1332 800,1335 799,1297 751,1294 740,1287 723,1293 707,1291 663,1295 635,1290 604,1289 567,1291 559,1294 552,1290 524,1290 517,1294 395,1297 373,1294 346,1295 340,1290 322,1289 309,1290 303,1296 214,1292"/>
        <Baseline points="152,1319 239,1327 799,1325"/>
        <Word id="region0001_line0018_word0000" custom="readingOrder {index:0;}">
          <Coords points="161,1296 225,1296 226,1328 162,1328"/>
          <TextEquiv conf="0.92966914">
            <Unicode>oder</Unicode>
          </TextEquiv>
        </Word>
        <Word id="region0001_line0018_word0001" custom="readingOrder {index:1;}">
          <Coords points="246,1295 247,1335 288,1335 293,1333 306,1335 360,1335 364,1334 376,1333 376,1295 346,1295 304,1295 303,1296 280,1295"/>
          <TextEquiv conf="0.911002">
            <Unicode>zerruͤhrt</Unicode>
          </TextEquiv>
        </Word>
        <Word id="region0001_line0018_word0002" custom="readingOrder {index:2;}">
          <Coords points="472,1333 471,1302 398,1303 399,1328 399,1328 407,1334"/>
          <TextEquiv conf="0.66590774">
            <Unicode>ganz</Unicode>
          </TextEquiv>
        </Word>
        <Word id="region0001_line0018_word0003" custom="readingOrder {index:3;}">
          <Coords points="561,1295 493,1295 494,1335 503,1335 559,1335 561,1334"/>
          <TextEquiv conf="0.91569">
            <Unicode>reife</Unicode>
          </TextEquiv>
        </Word>
        <Word id="region0001_line0018_word0004" custom="readingOrder {index:4;}">
          <Coords points="587,1291 588,1330 793,1330 792,1296 751,1294 746,1291 728,1291 723,1293 707,1291 663,1295 640,1291"/>
          <TextEquiv>
            <Unicode>Walderdbee⸗</Unicode>
          </TextEquiv>
        </Word>
        <TextEquiv>
          <Unicode>oder zerruͤhrt ganz reife Walderdbee⸗</Unicode>
        </TextEquiv>
      </TextLine>
      <TextLine id="region0001_line0020" custom="readingOrder {index:2;}">
        <Coords points="399,1329 394,1334 364,1335 356,1340 340,1341 309,1340 303,1334 293,1334 286,1339 251,1341 239,1339 230,1333 219,1336 153,1333 153,1369 199,1371 209,1377 235,1379 265,1376 292,1380 326,1378 362,1381 418,1378 441,1382 451,1377 490,1383 561,1376 594,1378 604,1383 617,1378 637,1385 647,1380 666,1377 675,1377 679,1382 691,1379 763,1377 800,1379 800,1336 794,1333 786,1333 778,1338 742,1335 708,1337 703,1333 680,1333 673,1337 630,1335 624,1338 617,1334 603,1334 596,1338 564,1335 536,1341 483,1339 477,1336 431,1339 420,1335 409,1336"/>
        <Baseline points="153,1361 372,1371 800,1369"/>
        <Word id="region0001_line0020_word0000" custom="readingOrder {index:0;}">
          <Coords points="162,1344 210,1344 210,1368 162,1368"/>
          <TextEquiv conf="0.9161409">
            <Unicode>ren</Unicode>
          </TextEquiv>
        </Word>
        <Word id="region0001_line0020_word0001" custom="readingOrder {index:1;}">
          <Coords points="226,1338 226,1371 254,1371 254,1340 251,1341 239,1339 237,1338"/>
          <TextEquiv conf="0.9161409">
            <Unicode>in</Unicode>
          </TextEquiv>
        </Word>
        <Word id="region0001_line0020_word0002" custom="readingOrder {index:2;}">
          <Coords points="287,1338 286,1339 278,1339 278,1371 369,1371 369,1338 359,1338 356,1340 340,1341 309,1340 307,1338"/>
          <TextEquiv conf="0.8945432">
            <Unicode>einem</Unicode>
          </TextEquiv>
        </Word>
        <Word id="region0001_line0020_word0003" custom="readingOrder {index:3;}">
          <Coords points="500,1381 500,1339 483,1339 477,1336 431,1339 420,1335 409,1336 399,1329 394,1334 386,1334 386,1379 418,1378 438,1381 441,1381 451,1377 478,1381"/>
          <TextEquiv conf="0.9248639">
            <Unicode>Topfe,</Unicode>
          </TextEquiv>
        </Word>
        <Word id="region0001_line0020_word0004" custom="readingOrder {index:4;}">
          <Coords points="525,1369 583,1369 583,1339 545,1339 536,1341 525,1340"/>
          <TextEquiv conf="0.92445487">
            <Unicode>und</Unicode>
          </TextEquiv>
        </Word>
        <Word id="region0001_line0020_word0005" custom="readingOrder {index:5;}">
          <Coords points="601,1336 601,1379 614,1379 617,1378 619,1379 653,1379 661,1377 661,1336 651,1336 628,1336 624,1338 620,1336"/>
          <TextEquiv conf="0.9284925">
            <Unicode>ſetzt</Unicode>
          </TextEquiv>
        </Word>
        <Word id="region0001_line0020_word0006" custom="readingOrder {index:6;}">
          <Coords points="678,1337 714,1337 714,1376 678,1376"/>
          <TextEquiv conf="0.92802703">
            <Unicode>ſie</Unicode>
          </TextEquiv>
        </Word>
        <Word id="region0001_line0020_word0007" custom="readingOrder {index:7;}">
          <Coords points="735,1338 794,1338 794,1371 735,1371"/>
          <TextEquiv conf="0.9324639">
            <Unicode>drei</Unicode>
          </TextEquiv>
        </Word>
        <TextEquiv conf="0.9206409">
          <Unicode>ren in einem Topfe, und ſetzt ſie drei</Unicode>
        </TextEquiv>
      </TextLine>
      <TextLine id="line_1671017010018_1481" custom="readingOrder {index:3;}">
        <Coords points="153,1370 763,1378 800,1380 800,1424 763,1426 565,1426 217,1425 153,1418 153,1393"/>
        <Baseline points="153,1385 196,1384 153,1408 800,1413"/>
        <Word id="word_1671017012555_1485" custom="readingOrder {index:0;}">
          <Coords points="161,1376 189,1376 244,1392 244,1418 220,1424 215,1424 163,1418 161,1390"/>
          <TextEquiv>
            <Unicode>Tage</Unicode>
          </TextEquiv>
        </Word>
        <Word id="region0001_line0021_word0001" custom="readingOrder {index:1;}">
          <Coords points="266,1386 294,1386 294,1419 266,1419"/>
          <TextEquiv conf="0.9306697">
            <Unicode>in</Unicode>
          </TextEquiv>
        </Word>
        <Word id="region0001_line0021_word0002" custom="readingOrder {index:2;}">
          <Coords points="319,1390 372,1390 372,1419 319,1419"/>
          <TextEquiv conf="0.93196136">
            <Unicode>den</Unicode>
          </TextEquiv>
        </Word>
        <Word id="region0001_line0021_word0003" custom="readingOrder {index:3;}">
          <Coords points="501,1387 395,1388 395,1420 471,1419 501,1415"/>
          <TextEquiv conf="0.9303799">
            <Unicode>Keller.</Unicode>
          </TextEquiv>
        </Word>
        <Word id="region0001_line0021_word0004" custom="readingOrder {index:4;}">
          <Coords points="548,1384 548,1422 556,1422 560,1424 594,1424 609,1423 617,1420 667,1420 673,1424 682,1420 682,1384 641,1384 637,1386 631,1384 604,1384"/>
          <TextEquiv>
            <Unicode>Hernach</Unicode>
          </TextEquiv>
        </Word>
        <Word id="region0001_line0021_word0005" custom="readingOrder {index:5;}">
          <Coords points="795,1387 708,1387 708,1422 715,1424 727,1418 753,1418 761,1425 767,1425 775,1423 795,1423"/>
          <TextEquiv conf="0.92561555">
            <Unicode>preßt</Unicode>
          </TextEquiv>
        </Word>
        <TextEquiv>
          <Unicode>Tage in den Keller. Hernach preßt</Unicode>
        </TextEquiv>
      </TextLine>
      <TextLine id="region0001_line0022" custom="readingOrder {index:4;}">
        <Coords points="506,1416 497,1419 408,1427 354,1422 324,1426 274,1425 267,1419 258,1418 248,1418 239,1424 217,1426 209,1421 153,1419 153,1456 199,1458 215,1463 234,1461 241,1465 260,1466 278,1463 295,1463 301,1466 323,1464 364,1471 431,1463 502,1467 510,1470 559,1463 621,1468 639,1468 646,1464 731,1466 749,1462 800,1463 800,1425 775,1424 763,1427 753,1419 727,1419 715,1425 686,1420 673,1425 667,1421 617,1421 608,1424 607,1427 565,1427 556,1423 539,1423"/>
        <Baseline points="153,1448 361,1459 800,1454"/>
        <Word id="region0001_line0022_word0000" custom="readingOrder {index:0;}">
          <Coords points="230,1459 230,1433 160,1433 160,1456 199,1458 202,1459"/>
          <TextEquiv conf="0.9265411">
            <Unicode>man</Unicode>
          </TextEquiv>
        </Word>
        <Word id="region0001_line0022_word0001" custom="readingOrder {index:1;}">
          <Coords points="246,1426 281,1426 281,1462 246,1462"/>
          <TextEquiv conf="0.92822343">
            <Unicode>ſie</Unicode>
          </TextEquiv>
        </Word>
        <Word id="region0001_line0022_word0002" custom="readingOrder {index:2;}">
          <Coords points="375,1465 375,1429 298,1429 298,1464 299,1465 312,1465 323,1464 328,1465"/>
          <TextEquiv conf="0.9227036">
            <Unicode>aus,</Unicode>
          </TextEquiv>
        </Word>
        <Word id="region0001_line0022_word0003" custom="readingOrder {index:3;}">
          <Coords points="398,1430 457,1429 457,1458 398,1459"/>
          <TextEquiv conf="0.8760114">
            <Unicode>und</Unicode>
          </TextEquiv>
        </Word>
        <Word id="region0001_line0022_word0004" custom="readingOrder {index:4;}">
          <Coords points="477,1423 541,1423 541,1465 477,1465"/>
          <TextEquiv conf="0.92488533">
            <Unicode>laͤßt</Unicode>
          </TextEquiv>
        </Word>
        <Word id="region0001_line0022_word0005" custom="readingOrder {index:5;}">
          <Coords points="558,1429 610,1429 610,1459 558,1459"/>
          <TextEquiv conf="0.9273872">
            <Unicode>den</Unicode>
          </TextEquiv>
        </Word>
        <Word id="region0001_line0022_word0006" custom="readingOrder {index:6;}">
          <Coords points="627,1427 708,1427 708,1462 627,1462"/>
          <TextEquiv conf="0.9217105">
            <Unicode>Saft</Unicode>
          </TextEquiv>
        </Word>
        <Word id="region0001_line0022_word0007" custom="readingOrder {index:7;}">
          <Coords points="724,1425 724,1460 793,1460 793,1425 771,1425 763,1427 760,1425"/>
          <TextEquiv conf="0.92820895">
            <Unicode>uͤber</Unicode>
          </TextEquiv>
        </Word>
        <TextEquiv conf="0.9194589">
          <Unicode>man ſie aus, und laͤßt den Saft uͤber</Unicode>
        </TextEquiv>
      </TextLine>
      <TextLine id="region0001_line0023" custom="readingOrder {index:5;}">
        <Coords points="153,1457 153,1521 156,1523 163,1521 167,1503 182,1502 228,1504 231,1507 245,1505 274,1512 315,1505 325,1510 331,1506 351,1506 373,1513 381,1510 484,1508 489,1505 568,1511 576,1505 600,1509 609,1500 615,1503 615,1513 630,1509 648,1512 656,1507 700,1509 707,1505 753,1509 759,1512 782,1508 800,1509 800,1464 749,1463 738,1468 646,1465 639,1469 574,1467 570,1464 559,1464 510,1471 502,1468 431,1464 364,1472 333,1469 323,1465 307,1468 295,1464 260,1467 241,1466 234,1462 213,1464 199,1459"/>
        <Baseline points="153,1495 800,1500"/>
        <Word id="region0001_line0023_word0000" custom="readingOrder {index:0;}">
          <Coords points="157,1465 157,1513 164,1513 167,1503 182,1502 228,1504 231,1507 245,1505 257,1507 257,1466 241,1466 239,1465"/>
          <TextEquiv conf="0.6386503">
            <Unicode>Nacht</Unicode>
          </TextEquiv>
        </Word>
        <Word id="region0001_line0023_word0001" custom="readingOrder {index:1;}">
          <Coords points="275,1468 275,1506 309,1506 315,1505 317,1506 331,1506 351,1506 386,1506 386,1469 364,1472 333,1469 330,1468 307,1468"/>
          <TextEquiv conf="0.9252584">
            <Unicode>ſtehen,</Unicode>
          </TextEquiv>
        </Word>
        <Word id="region0001_line0023_word0002" custom="readingOrder {index:2;}">
          <Coords points="411,1467 458,1466 458,1498 411,1499"/>
          <TextEquiv conf="0.9298543">
            <Unicode>bis</Unicode>
          </TextEquiv>
        </Word>
        <Word id="region0001_line0023_word0003" custom="readingOrder {index:3;}">
          <Coords points="472,1474 500,1474 500,1497 472,1497"/>
          <TextEquiv conf="0.92782205">
            <Unicode>er</Unicode>
          </TextEquiv>
        </Word>
        <Word id="region0001_line0023_word0004" custom="readingOrder {index:4;}">
          <Coords points="545,1466 516,1470 516,1503 591,1503 591,1467 574,1467 572,1466"/>
          <TextEquiv conf="0.92782205">
            <Unicode>recht</Unicode>
          </TextEquiv>
        </Word>
        <Word id="region0001_line0023_word0005" custom="readingOrder {index:5;}">
          <Coords points="644,1466 639,1469 608,1468 608,1501 609,1500 615,1503 615,1505 707,1505 731,1505 731,1467 676,1466"/>
          <TextEquiv conf="0.9268172">
            <Unicode>gefallen</Unicode>
          </TextEquiv>
        </Word>
        <Word id="region0001_line0023_word0006" custom="readingOrder {index:6;}">
          <Coords points="748,1467 792,1467 792,1505 748,1505"/>
          <TextEquiv conf="0.92623115">
            <Unicode>iſt.</Unicode>
          </TextEquiv>
        </Word>
        <TextEquiv conf="0.88606507">
          <Unicode>Nacht ſtehen, bis er recht gefallen iſt.</Unicode>
        </TextEquiv>
      </TextLine>
      <TextEquiv>
        <Unicode>Erdbeerſaft. Man zerdruͤckt
oder zerruͤhrt ganz reife Walderdbee⸗
ren in einem Topfe, und ſetzt ſie drei
Tage in den Keller. Hernach preßt
man ſie aus, und laͤßt den Saft uͤber
Nacht ſtehen, bis er recht gefallen iſt.</Unicode>
      </TextEquiv>
    </TextRegion>
    <TextRegion orientation="0.100059934" readingDirection="left-to-right" id="TextRegion_1671016721661_1353" custom="readingOrder {index:7;}">
      <Coords points="152,1506 800,1506 800,1809 152,1809"/>
      <TextLine id="region0001_line0024" custom="readingOrder {index:0;}">
        <Coords points="609,1501 600,1510 576,1506 568,1512 489,1506 472,1510 381,1511 378,1514 361,1512 351,1507 331,1507 325,1511 315,1506 299,1511 274,1513 245,1506 231,1508 228,1505 167,1504 166,1517 156,1526 156,1545 169,1549 220,1552 231,1549 301,1549 309,1552 317,1548 352,1551 411,1551 419,1548 481,1549 487,1546 499,1546 510,1553 539,1551 546,1547 554,1547 561,1551 628,1546 641,1546 656,1551 706,1546 775,1546 800,1549 800,1510 782,1509 759,1513 753,1510 722,1510 716,1506 707,1506 700,1510 656,1508 648,1513 630,1510 615,1514 614,1503"/>
        <Baseline points="156,1541 800,1540"/>
        <Word id="region0001_line0024_word0000" custom="readingOrder {index:0;}">
          <Coords points="201,1511 201,1543 296,1543 296,1511 274,1513 265,1511"/>
          <TextEquiv conf="0.9203713">
            <Unicode>Dann</Unicode>
          </TextEquiv>
        </Word>
        <Word id="region0001_line0024_word0001" custom="readingOrder {index:1;}">
          <Coords points="305,1511 305,1548 317,1548 390,1548 390,1511 381,1511 378,1514 361,1512 359,1511 325,1511"/>
          <TextEquiv>
            <Unicode>ſeihet</Unicode>
          </TextEquiv>
        </Word>
        <Word id="region0001_line0024_word0002" custom="readingOrder {index:2;}">
          <Coords points="404,1518 474,1517 474,1540 404,1541"/>
          <TextEquiv conf="0.9306343">
            <Unicode>man</Unicode>
          </TextEquiv>
        </Word>
        <Word id="region0001_line0024_word0003" custom="readingOrder {index:3;}">
          <Coords points="490,1509 490,1545 538,1545 538,1509 528,1509"/>
          <TextEquiv conf="0.9310886">
            <Unicode>ihn</Unicode>
          </TextEquiv>
        </Word>
        <Word id="region0001_line0024_word0004" custom="readingOrder {index:4;}">
          <Coords points="572,1509 568,1512 556,1511 556,1544 602,1544 602,1509 601,1509 600,1510 594,1509"/>
          <TextEquiv conf="0.9311068">
            <Unicode>ab,</Unicode>
          </TextEquiv>
        </Word>
        <Word id="region0001_line0024_word0005" custom="readingOrder {index:5;}">
          <Coords points="628,1540 676,1540 676,1508 656,1508 648,1513 630,1510 628,1510"/>
          <TextEquiv conf="0.9115656">
            <Unicode>und</Unicode>
          </TextEquiv>
        </Word>
        <Word id="region0001_line0024_word0006" custom="readingOrder {index:6;}">
          <Coords points="701,1509 700,1510 685,1509 685,1541 793,1541 793,1509 782,1509 759,1513 753,1510 722,1510 720,1509"/>
          <TextEquiv conf="0.77946115">
            <Unicode>nimmt</Unicode>
          </TextEquiv>
        </Word>
        <TextEquiv>
          <Unicode>Dann ſeihet man ihn ab, und nimmt</Unicode>
        </TextEquiv>
      </TextLine>
      <TextLine id="region0001_line0025" custom="readingOrder {index:1;}">
        <Coords points="153,1547 153,1590 175,1589 214,1593 277,1590 283,1594 312,1596 339,1591 391,1593 397,1590 596,1589 630,1593 636,1588 643,1591 664,1588 671,1592 718,1597 748,1594 755,1589 780,1588 787,1592 800,1591 800,1550 775,1547 706,1547 675,1549 669,1552 648,1552 641,1547 576,1549 566,1552 546,1548 539,1552 510,1554 499,1547 481,1550 419,1549 408,1553 360,1553 330,1549 317,1549 309,1553 301,1550 280,1553 231,1550 220,1553"/>
        <Baseline points="153,1582 800,1581"/>
        <Word id="region0001_line0025_word0000" custom="readingOrder {index:0;}">
          <Coords points="193,1559 158,1559 158,1589 175,1589 193,1590"/>
          <TextEquiv conf="0.92727274">
            <Unicode>zu</Unicode>
          </TextEquiv>
        </Word>
        <Word id="region0001_line0025_word0001" custom="readingOrder {index:1;}">
          <Coords points="218,1559 293,1559 293,1590 218,1590"/>
          <TextEquiv conf="0.93271935">
            <Unicode>einer</Unicode>
          </TextEquiv>
        </Word>
        <Word id="region0001_line0025_word0002" custom="readingOrder {index:2;}">
          <Coords points="411,1558 306,1558 306,1595 317,1595 339,1591 391,1593 397,1590 411,1589"/>
          <TextEquiv conf="0.9210592">
            <Unicode>Kanne</Unicode>
          </TextEquiv>
        </Word>
        <Word id="region0001_line0025_word0003" custom="readingOrder {index:3;}">
          <Coords points="509,1556 429,1557 429,1589 509,1589"/>
          <TextEquiv conf="0.9180121">
            <Unicode>Saft</Unicode>
          </TextEquiv>
        </Word>
        <Word id="region0001_line0025_word0004" custom="readingOrder {index:4;}">
          <Coords points="530,1557 574,1557 574,1588 530,1588"/>
          <TextEquiv conf="0.9319158">
            <Unicode>ein</Unicode>
          </TextEquiv>
        </Word>
        <Word id="region0001_line0025_word0005" custom="readingOrder {index:5;}">
          <Coords points="694,1556 592,1556 592,1589 596,1589 630,1593 636,1588 643,1591 664,1588 671,1592 694,1594"/>
          <TextEquiv conf="0.9146196">
            <Unicode>Pfund</Unicode>
          </TextEquiv>
        </Word>
        <Word id="region0001_line0025_word0006" custom="readingOrder {index:6;}">
          <Coords points="791,1556 717,1556 717,1596 718,1597 748,1594 755,1589 780,1588 787,1592 791,1591"/>
          <TextEquiv>
            <Unicode>Zuk⸗</Unicode>
          </TextEquiv>
        </Word>
        <TextEquiv>
          <Unicode>zu einer Kanne Saft ein Pfund Zuk⸗</Unicode>
        </TextEquiv>
      </TextLine>
      <TextLine id="region0001_line0026" custom="readingOrder {index:2;}">
        <Coords points="156,1590 153,1591 153,1632 191,1636 214,1636 221,1633 228,1636 281,1636 290,1633 360,1635 396,1632 403,1637 419,1639 426,1634 440,1636 466,1631 478,1634 512,1634 520,1631 588,1633 607,1630 612,1633 655,1631 663,1634 677,1629 715,1633 720,1630 731,1630 735,1633 741,1630 763,1630 770,1638 781,1634 800,1634 800,1594 788,1594 780,1589 755,1590 748,1595 726,1598 671,1593 664,1589 648,1592 636,1589 630,1594 596,1590 397,1591 390,1595 339,1592 312,1597 283,1595 277,1591 214,1594"/>
        <Baseline points="153,1622 800,1623"/>
        <Word id="region0001_line0026_word0000" custom="readingOrder {index:0;}">
          <Coords points="224,1599 159,1599 159,1632 191,1636 214,1636 221,1633 224,1634"/>
          <TextEquiv conf="0.91328615">
            <Unicode>ker,</Unicode>
          </TextEquiv>
        </Word>
        <Word id="region0001_line0026_word0001" custom="readingOrder {index:1;}">
          <Coords points="319,1601 252,1601 252,1634 287,1634 290,1633 319,1633"/>
          <TextEquiv conf="0.92686594">
            <Unicode>thut</Unicode>
          </TextEquiv>
        </Word>
        <Word id="region0001_line0026_word0002" custom="readingOrder {index:2;}">
          <Coords points="341,1603 394,1603 394,1632 341,1632"/>
          <TextEquiv conf="0.9319174">
            <Unicode>den</Unicode>
          </TextEquiv>
        </Word>
        <Word id="region0001_line0026_word0003" custom="readingOrder {index:3;}">
          <Coords points="522,1600 416,1601 416,1638 419,1639 426,1634 440,1636 466,1631 478,1634 512,1634 520,1631 522,1631"/>
          <TextEquiv conf="0.927755">
            <Unicode>Zukker</Unicode>
          </TextEquiv>
        </Word>
        <Word id="region0001_line0026_word0004" custom="readingOrder {index:4;}">
          <Coords points="544,1598 544,1631 588,1633 607,1630 612,1633 655,1631 663,1634 677,1629 715,1633 720,1630 731,1630 735,1633 741,1630 763,1630 770,1638 781,1634 791,1634 791,1598 726,1598"/>
          <TextEquiv conf="0.9285164">
            <Unicode>Stuͤckchenweiſe</Unicode>
          </TextEquiv>
        </Word>
        <TextEquiv conf="0.9256682">
          <Unicode>ker, thut den Zukker Stuͤckchenweiſe</Unicode>
        </TextEquiv>
      </TextLine>
      <TextLine id="region0001_line0027" custom="readingOrder {index:3;}">
        <Coords points="677,1630 663,1635 655,1632 612,1634 607,1631 588,1634 520,1632 512,1635 478,1635 466,1632 440,1637 426,1635 419,1640 403,1638 396,1633 355,1637 301,1634 281,1637 228,1637 223,1634 214,1637 153,1635 152,1676 211,1678 220,1681 229,1678 249,1678 260,1674 287,1677 295,1673 317,1673 321,1677 385,1677 392,1681 404,1676 425,1674 510,1677 538,1675 544,1678 562,1675 566,1679 594,1680 623,1680 635,1674 684,1678 713,1673 799,1676 800,1636 770,1639 763,1631 741,1631 735,1634 731,1631 720,1631 715,1634"/>
        <Baseline points="152,1666 799,1666"/>
        <Word id="region0001_line0027_word0000" custom="readingOrder {index:0;}">
          <Coords points="230,1677 230,1642 159,1642 159,1676 181,1677"/>
          <TextEquiv conf="0.93001086">
            <Unicode>nach</Unicode>
          </TextEquiv>
        </Word>
        <Word id="region0001_line0027_word0001" custom="readingOrder {index:1;}">
          <Coords points="252,1643 310,1643 310,1672 252,1672"/>
          <TextEquiv conf="0.9256583">
            <Unicode>und</Unicode>
          </TextEquiv>
        </Word>
        <Word id="region0001_line0027_word0002" custom="readingOrder {index:2;}">
          <Coords points="405,1641 335,1641 335,1677 385,1677 390,1680 394,1680 404,1676 405,1675"/>
          <TextEquiv conf="0.9316016">
            <Unicode>nach</Unicode>
          </TextEquiv>
        </Word>
        <Word id="region0001_line0027_word0003" custom="readingOrder {index:3;}">
          <Coords points="422,1642 450,1641 450,1672 422,1673"/>
          <TextEquiv conf="0.9321459">
            <Unicode>in</Unicode>
          </TextEquiv>
        </Word>
        <Word id="region0001_line0027_word0004" custom="readingOrder {index:4;}">
          <Coords points="466,1642 519,1642 519,1673 466,1673"/>
          <TextEquiv conf="0.931517">
            <Unicode>den</Unicode>
          </TextEquiv>
        </Word>
        <Word id="region0001_line0027_word0005" custom="readingOrder {index:5;}">
          <Coords points="632,1641 534,1641 534,1675 538,1675 544,1678 562,1675 566,1679 625,1679 632,1675"/>
          <TextEquiv conf="0.9299422">
            <Unicode>Saft,</Unicode>
          </TextEquiv>
        </Word>
        <Word id="region0001_line0027_word0006" custom="readingOrder {index:6;}">
          <Coords points="639,1633 639,1674 684,1678 713,1673 718,1673 718,1633 716,1633 715,1634 705,1633 668,1633 663,1635 657,1633"/>
          <TextEquiv conf="0.8145563">
            <Unicode>laͤßt</Unicode>
          </TextEquiv>
        </Word>
        <Word id="region0001_line0027_word0007" custom="readingOrder {index:7;}">
          <Coords points="790,1641 736,1641 736,1673 790,1675"/>
          <TextEquiv conf="0.8145563">
            <Unicode>ihn</Unicode>
          </TextEquiv>
        </Word>
        <TextEquiv conf="0.9012485">
          <Unicode>nach und nach in den Saft, laͤßt ihn</Unicode>
        </TextEquiv>
      </TextLine>
      <TextLine id="region0001_line0028" custom="readingOrder {index:4;}">
        <Coords points="295,1674 287,1678 260,1675 221,1682 152,1679 152,1719 169,1722 180,1717 220,1717 238,1720 260,1717 270,1723 277,1720 298,1723 305,1720 353,1716 388,1716 392,1719 406,1717 415,1720 511,1718 539,1715 598,1719 606,1716 634,1716 639,1720 664,1716 704,1718 742,1714 750,1714 756,1718 763,1715 799,1717 799,1680 778,1679 770,1674 713,1674 697,1675 690,1679 635,1675 623,1681 566,1680 562,1676 544,1679 538,1676 476,1678 471,1675 425,1675 404,1677 392,1682 386,1679 341,1679 336,1676 321,1678 317,1674"/>
        <Baseline points="152,1710 799,1708"/>
        <Word id="region0001_line0028_word0000" custom="readingOrder {index:0;}">
          <Coords points="275,1684 160,1684 160,1720 169,1722 180,1717 220,1717 238,1720 260,1717 268,1722 272,1722 275,1720"/>
          <TextEquiv conf="0.92596734">
            <Unicode>gemach</Unicode>
          </TextEquiv>
        </Word>
        <Word id="region0001_line0028_word0001" custom="readingOrder {index:1;}">
          <Coords points="402,1683 291,1683 291,1722 300,1722 305,1720 353,1716 402,1716"/>
          <TextEquiv conf="0.9262572">
            <Unicode>ſieden,</Unicode>
          </TextEquiv>
        </Word>
        <Word id="region0001_line0028_word0002" custom="readingOrder {index:2;}">
          <Coords points="424,1684 471,1683 471,1715 424,1716"/>
          <TextEquiv conf="0.93149203">
            <Unicode>bis</Unicode>
          </TextEquiv>
        </Word>
        <Word id="region0001_line0028_word0003" custom="readingOrder {index:3;}">
          <Coords points="488,1691 517,1691 517,1714 488,1714"/>
          <TextEquiv conf="0.93289423">
            <Unicode>er</Unicode>
          </TextEquiv>
        </Word>
        <Word id="region0001_line0028_word0004" custom="readingOrder {index:4;}">
          <Coords points="533,1683 577,1683 577,1714 533,1714"/>
          <TextEquiv conf="0.93228173">
            <Unicode>die</Unicode>
          </TextEquiv>
        </Word>
        <Word id="region0001_line0028_word0005" custom="readingOrder {index:5;}">
          <Coords points="681,1682 592,1682 592,1718 598,1719 606,1716 634,1716 639,1720 664,1716 681,1716"/>
          <TextEquiv conf="0.92461467">
            <Unicode>rechte</Unicode>
          </TextEquiv>
        </Word>
        <Word id="region0001_line0028_word0006" custom="readingOrder {index:6;}">
          <Coords points="791,1682 696,1682 696,1717 704,1718 742,1714 750,1714 756,1718 763,1715 791,1716"/>
          <TextEquiv>
            <Unicode>Saft⸗</Unicode>
          </TextEquiv>
        </Word>
        <TextEquiv>
          <Unicode>gemach ſieden, bis er die rechte Saft⸗</Unicode>
        </TextEquiv>
      </TextLine>
      <TextLine id="region0001_line0029" custom="readingOrder {index:5;}">
        <Coords points="742,1715 704,1719 664,1717 643,1721 634,1717 606,1717 598,1720 551,1716 478,1722 423,1723 406,1718 392,1720 388,1717 334,1718 298,1724 270,1724 260,1718 249,1721 180,1718 169,1723 152,1720 152,1762 240,1764 246,1761 267,1761 303,1764 317,1761 325,1765 362,1765 369,1761 377,1761 389,1765 413,1760 462,1759 468,1762 486,1760 495,1763 553,1761 659,1765 682,1760 688,1766 705,1761 718,1761 721,1765 727,1766 736,1759 799,1763 799,1718 763,1716 756,1719 750,1715"/>
        <Baseline points="152,1752 799,1753"/>
        <Word id="region0001_line0029_word0000" custom="readingOrder {index:0;}">
          <Coords points="159,1729 233,1729 233,1762 159,1762"/>
          <TextEquiv conf="0.9207916">
            <Unicode>dikke</Unicode>
          </TextEquiv>
        </Word>
        <Word id="region0001_line0029_word0001" custom="readingOrder {index:1;}">
          <Coords points="255,1729 317,1729 317,1761 255,1761"/>
          <TextEquiv>
            <Unicode>hat.</Unicode>
          </TextEquiv>
        </Word>
        <Word id="region0001_line0029_word0002" custom="readingOrder {index:2;} unclear {offset:0; length:4;}">
          <Coords points="459,1726 362,1727 362,1761 410,1760 413,1760 459,1759"/>
          <TextEquiv>
            <Unicode>Wenn</Unicode>
          </TextEquiv>
        </Word>
        <Word id="region0001_line0029_word0003" custom="readingOrder {index:3;}">
          <Coords points="493,1721 490,1721 478,1722 457,1722 457,1759 462,1759 468,1762 486,1760 493,1762"/>
          <TextEquiv conf="0.93073356">
            <Unicode>er</Unicode>
          </TextEquiv>
        </Word>
        <Word id="region0001_line0029_word0004" custom="readingOrder {index:4;}">
          <Coords points="535,1726 593,1726 593,1760 535,1760"/>
          <TextEquiv conf="0.90567064">
            <Unicode>kalt</Unicode>
          </TextEquiv>
        </Word>
        <Word id="region0001_line0029_word0005" custom="readingOrder {index:5;}">
          <Coords points="659,1728 608,1728 608,1763 659,1765"/>
          <TextEquiv conf="0.9243802">
            <Unicode>iſt;</Unicode>
          </TextEquiv>
        </Word>
        <Word id="region0001_line0029_word0006" custom="readingOrder {index:6;}">
          <Coords points="709,1727 678,1727 678,1760 682,1760 688,1766 705,1761 709,1761"/>
          <TextEquiv conf="0.8432196">
            <Unicode>ſo</Unicode>
          </TextEquiv>
        </Word>
        <Word id="region0001_line0029_word0007" custom="readingOrder {index:7;}">
          <Coords points="792,1725 723,1725 723,1765 727,1766 736,1759 792,1762"/>
          <TextEquiv conf="0.9151622">
            <Unicode>fuͤllt</Unicode>
          </TextEquiv>
        </Word>
        <TextEquiv>
          <Unicode>dikke hat. Wenn er kalt iſt; ſo fuͤllt</Unicode>
        </TextEquiv>
      </TextLine>
      <TextLine id="region0001_line0030" custom="readingOrder {index:6;}">
        <Coords points="413,1761 389,1766 369,1762 361,1767 324,1767 320,1763 309,1762 298,1768 273,1767 267,1762 246,1762 234,1768 152,1764 152,1805 198,1809 673,1806 678,1811 686,1811 692,1806 799,1806 799,1766 763,1765 753,1761 736,1760 727,1767 721,1766 718,1762 688,1767 682,1761 659,1766 618,1766 553,1762 538,1765 506,1765 486,1761 468,1763 462,1760"/>
        <Baseline points="152,1795 799,1796"/>
        <Word id="region0001_line0030_word0000" custom="readingOrder {index:0;}">
          <Coords points="159,1773 229,1773 229,1802 159,1802"/>
          <TextEquiv conf="0.9290633">
            <Unicode>man</Unicode>
          </TextEquiv>
        </Word>
        <Word id="region0001_line0030_word0001" custom="readingOrder {index:1;}">
          <Coords points="245,1769 293,1769 293,1802 245,1802"/>
          <TextEquiv>
            <Unicode>ihn</Unicode>
          </TextEquiv>
        </Word>
        <Word id="region0001_line0030_word0002" custom="readingOrder {index:2;}">
          <Coords points="309,1769 337,1769 337,1801 309,1801"/>
          <TextEquiv conf="0.93025476">
            <Unicode>in</Unicode>
          </TextEquiv>
        </Word>
        <Word id="region0001_line0030_word0003" custom="readingOrder {index:3;}">
          <Coords points="352,1769 396,1769 396,1802 352,1802"/>
          <TextEquiv conf="0.93073714">
            <Unicode>ein</Unicode>
          </TextEquiv>
        </Word>
        <Word id="region0001_line0030_word0004" custom="readingOrder {index:4;}">
          <Coords points="407,1769 490,1768 490,1803 407,1804"/>
          <TextEquiv conf="0.9304512">
            <Unicode>Glas</Unicode>
          </TextEquiv>
        </Word>
        <Word id="region0001_line0030_word0005" custom="readingOrder {index:5;}">
          <Coords points="505,1770 563,1770 563,1800 505,1800"/>
          <TextEquiv conf="0.9268559">
            <Unicode>und</Unicode>
          </TextEquiv>
        </Word>
        <Word id="region0001_line0030_word0006" custom="readingOrder {index:6;}">
          <Coords points="574,1768 720,1768 720,1805 574,1805"/>
          <TextEquiv conf="0.92452997">
            <Unicode>verwahrt</Unicode>
          </TextEquiv>
        </Word>
        <Word id="region0001_line0030_word0007" custom="readingOrder {index:7;}">
          <Coords points="731,1769 791,1769 791,1801 731,1801"/>
          <TextEquiv conf="0.9272449">
            <Unicode>ihn.</Unicode>
          </TextEquiv>
        </Word>
        <TextEquiv>
          <Unicode>man ihn in ein Glas und verwahrt ihn.</Unicode>
        </TextEquiv>
      </TextLine>
      <TextEquiv>
        <Unicode>Dann ſeihet man ihn ab, und nimmt
zu einer Kanne Saft ein Pfund Zuk⸗
ker, thut den Zukker Stuͤckchenweiſe
nach und nach in den Saft, laͤßt ihn
gemach ſieden, bis er die rechte Saft⸗
dikke hat. Wenn er kalt iſt; ſo fuͤllt
man ihn in ein Glas und verwahrt ihn.</Unicode>
      </TextEquiv>
    </TextRegion>
    <TextRegion orientation="0.100059934" readingDirection="left-to-right" id="TextRegion_1671016710934_1349" custom="readingOrder {index:8;}">
      <Coords points="152,1809 800,1809 800,2121 152,2121"/>
      <TextLine id="region0001_line0031" custom="readingOrder {index:0;}">
        <Coords points="741,1807 696,1808 690,1810 686,1818 666,1817 651,1810 629,1808 550,1809 540,1818 487,1818 481,1808 384,1810 377,1820 323,1820 311,1818 305,1812 295,1812 288,1816 262,1817 221,1811 152,1814 152,1846 169,1846 170,1854 175,1858 203,1860 273,1860 279,1857 307,1856 383,1860 389,1858 394,1861 404,1856 410,1859 450,1858 455,1862 463,1862 468,1858 534,1854 554,1856 558,1861 564,1862 575,1862 581,1858 591,1858 596,1862 652,1860 664,1856 699,1856 705,1859 715,1856 725,1863 733,1859 748,1859 762,1863 799,1860 798,1814"/>
        <Baseline points="162,1845 799,1850"/>
        <Word id="region0001_line0031_word0000" custom="readingOrder {index:0;}">
          <Coords points="200,1819 200,1858 277,1857 279,1857 307,1856 337,1857 401,1857 404,1856 406,1857 482,1857 530,1854 530,1818 378,1818 377,1820 323,1820 314,1818"/>
          <TextEquiv conf="0.8929857">
            <Unicode>Erdbeerſalſen.</Unicode>
          </TextEquiv>
        </Word>
        <Word id="region0001_line0031_word0001" custom="readingOrder {index:1;}">
          <Coords points="598,1819 679,1819 679,1853 598,1853"/>
          <TextEquiv conf="0.89437366">
            <Unicode>Man</Unicode>
          </TextEquiv>
        </Word>
        <Word id="region0001_line0031_word0002" custom="readingOrder {index:2;}">
          <Coords points="793,1858 793,1817 717,1817 717,1857 717,1858"/>
          <TextEquiv conf="0.65445197">
            <Unicode>ſtoͤßt</Unicode>
          </TextEquiv>
        </Word>
        <TextEquiv conf="0.8139371">
          <Unicode>Erdbeerſalſen. Man ſtoͤßt</Unicode>
        </TextEquiv>
      </TextLine>
      <TextLine id="region0001_line0032" custom="readingOrder {index:1;}">
        <Coords points="528,1855 511,1863 429,1864 414,1863 404,1857 394,1862 389,1859 383,1861 295,1857 279,1858 272,1863 152,1858 153,1901 172,1903 178,1898 184,1898 221,1907 233,1902 248,1901 291,1902 320,1907 368,1907 403,1902 465,1899 487,1901 494,1906 502,1900 513,1900 519,1904 537,1900 551,1903 559,1900 612,1900 616,1903 634,1901 640,1904 666,1904 674,1909 698,1902 800,1904 798,1863 725,1864 715,1857 706,1860 699,1857 664,1857 657,1863 596,1863 591,1859 564,1863 541,1862 539,1857"/>
        <Baseline points="152,1892 799,1894"/>
        <Word id="region0001_line0032_word0000" custom="readingOrder {index:0;}">
          <Coords points="232,1867 160,1867 160,1901 172,1903 178,1898 184,1898 212,1905 225,1905 232,1902"/>
          <TextEquiv conf="0.9251306">
            <Unicode>ganz</Unicode>
          </TextEquiv>
        </Word>
        <Word id="region0001_line0032_word0001" custom="readingOrder {index:1;}">
          <Coords points="249,1865 316,1865 317,1901 250,1901"/>
          <TextEquiv conf="0.9250813">
            <Unicode>reife</Unicode>
          </TextEquiv>
        </Word>
        <Word id="region0001_line0032_word0002" custom="readingOrder {index:2;}">
          <Coords points="330,1864 331,1903 399,1903 403,1902 465,1899 487,1901 489,1902 499,1902 502,1900 503,1900 502,1863 429,1864 421,1863"/>
          <TextEquiv conf="0.929014">
            <Unicode>Erdbeeren,</Unicode>
          </TextEquiv>
        </Word>
        <Word id="region0001_line0032_word0003" custom="readingOrder {index:3;}">
          <Coords points="525,1863 554,1863 554,1896 525,1896"/>
          <TextEquiv conf="0.9150096">
            <Unicode>in</Unicode>
          </TextEquiv>
        </Word>
        <Word id="region0001_line0032_word0004" custom="readingOrder {index:4;}">
          <Coords points="566,1864 657,1864 657,1897 566,1897"/>
          <TextEquiv conf="0.9322321">
            <Unicode>einem</Unicode>
          </TextEquiv>
        </Word>
        <Word id="region0001_line0032_word0005" custom="readingOrder {index:5;}">
          <Coords points="673,1864 674,1906 684,1906 698,1902 792,1903 792,1864 725,1864"/>
          <TextEquiv conf="0.9305485">
            <Unicode>ſteinern</Unicode>
          </TextEquiv>
        </Word>
        <TextEquiv conf="0.92616934">
          <Unicode>ganz reife Erdbeeren, in einem ſteinern</Unicode>
        </TextEquiv>
      </TextLine>
      <TextLine id="region0001_line0033" custom="readingOrder {index:2;}">
        <Coords points="179,1899 172,1904 153,1902 153,1940 201,1944 222,1942 228,1946 242,1946 248,1949 280,1948 293,1953 303,1953 320,1947 398,1952 421,1952 427,1949 462,1950 491,1946 495,1952 521,1948 546,1952 553,1945 566,1945 588,1954 612,1946 627,1949 643,1945 657,1948 699,1948 707,1945 787,1947 800,1941 800,1910 751,1907 742,1902 723,1905 698,1903 680,1910 671,1909 666,1905 640,1905 634,1902 616,1904 612,1901 559,1901 553,1904 537,1901 529,1907 520,1907 513,1901 502,1901 494,1907 487,1902 470,1900 403,1903 389,1909 341,1909 277,1902 233,1903 221,1908 213,1904"/>
        <Baseline points="153,1930 395,1941 800,1933"/>
        <Word id="region0001_line0033_word0000" custom="readingOrder {index:0;}">
          <Coords points="232,1942 232,1910 163,1910 163,1940 177,1942 222,1942"/>
          <TextEquiv conf="0.9293511">
            <Unicode>oder</Unicode>
          </TextEquiv>
        </Word>
        <Word id="region0001_line0033_word0001" custom="readingOrder {index:1;}">
          <Coords points="395,1950 395,1910 246,1910 246,1948 248,1949 280,1948 285,1950 311,1950 320,1947 366,1950"/>
          <TextEquiv conf="0.92394507">
            <Unicode>hoͤlzernen</Unicode>
          </TextEquiv>
        </Word>
        <Word id="region0001_line0033_word0002" custom="readingOrder {index:2;}">
          <Coords points="555,1908 419,1909 419,1951 423,1950 427,1949 462,1950 491,1946 493,1950 505,1950 521,1948 534,1950 547,1950 553,1945 555,1945"/>
          <TextEquiv conf="0.9296635">
            <Unicode>Moͤrſer,</Unicode>
          </TextEquiv>
        </Word>
        <Word id="region0001_line0033_word0003" custom="readingOrder {index:3;}">
          <Coords points="655,1908 585,1908 585,1951 597,1951 612,1946 627,1949 643,1945 655,1947"/>
          <TextEquiv conf="0.92802167">
            <Unicode>ſiebt</Unicode>
          </TextEquiv>
        </Word>
        <Word id="region0001_line0033_word0004" custom="readingOrder {index:4;}">
          <Coords points="678,1912 712,1912 712,1942 678,1942"/>
          <TextEquiv conf="0.93228495">
            <Unicode>es</Unicode>
          </TextEquiv>
        </Word>
        <Word id="region0001_line0033_word0005" custom="readingOrder {index:5;}">
          <Coords points="730,1909 730,1943 792,1943 792,1909 783,1909"/>
          <TextEquiv>
            <Unicode>her⸗</Unicode>
          </TextEquiv>
        </Word>
        <TextEquiv>
          <Unicode>oder hoͤlzernen Moͤrſer, ſiebt es her⸗</Unicode>
        </TextEquiv>
      </TextLine>
      <TextLine id="region0001_line0034" custom="readingOrder {index:3;}">
        <Coords points="160,1942 153,1943 153,1983 201,1988 261,1986 282,1990 310,1990 325,1997 353,1998 365,1994 462,1994 484,1999 514,1990 546,1991 550,1994 558,1994 561,1991 577,1993 586,1989 598,1992 649,1990 667,1995 698,1991 708,1997 717,1994 736,1994 742,1998 756,1999 767,1994 800,1993 800,1955 780,1954 775,1948 767,1946 731,1947 728,1952 721,1946 707,1946 696,1951 658,1950 651,1946 632,1950 612,1947 605,1952 597,1951 588,1955 573,1952 566,1946 553,1946 546,1953 529,1949 495,1953 491,1947 462,1951 427,1950 421,1953 393,1954 366,1954 362,1951 320,1948 303,1954 293,1954 276,1949 248,1950 242,1947 228,1947 222,1943 201,1945"/>
        <Baseline points="153,1974 347,1987 800,1982"/>
        <Word id="region0001_line0034_word0000" custom="readingOrder {index:0;}">
          <Coords points="230,1952 161,1952 161,1983 201,1988 230,1987"/>
          <TextEquiv conf="0.92775744">
            <Unicode>nach</Unicode>
          </TextEquiv>
        </Word>
        <Word id="region0001_line0034_word0001" custom="readingOrder {index:1;}">
          <Coords points="252,1952 252,1986 261,1986 282,1990 310,1990 316,1993 360,1993 360,1952 308,1952 303,1954 293,1954 286,1952"/>
          <TextEquiv conf="0.9208314">
            <Unicode>durch,</Unicode>
          </TextEquiv>
        </Word>
        <Word id="region0001_line0034_word0002" custom="readingOrder {index:2;}">
          <Coords points="389,1985 448,1984 448,1953 396,1953 393,1954 389,1954"/>
          <TextEquiv conf="0.9218565">
            <Unicode>und</Unicode>
          </TextEquiv>
        </Word>
        <Word id="region0001_line0034_word0003" custom="readingOrder {index:3;}">
          <Coords points="465,1951 465,1992 507,1992 514,1990 531,1990 531,1951 512,1951 495,1953 493,1951"/>
          <TextEquiv conf="0.92900246">
            <Unicode>thut</Unicode>
          </TextEquiv>
        </Word>
        <Word id="region0001_line0034_word0004" custom="readingOrder {index:4;}">
          <Coords points="553,1946 546,1953 529,1949 528,1949 528,1990 546,1991 550,1994 558,1994 561,1991 561,1946"/>
          <TextEquiv conf="0.9299159">
            <Unicode>ſo</Unicode>
          </TextEquiv>
        </Word>
        <Word id="region0001_line0034_word0005" custom="readingOrder {index:5;}">
          <Coords points="593,1984 649,1984 649,1951 606,1951 605,1952 597,1951 593,1952"/>
          <TextEquiv conf="0.9307797">
            <Unicode>viel</Unicode>
          </TextEquiv>
        </Word>
        <Word id="region0001_line0034_word0006" custom="readingOrder {index:6;}">
          <Coords points="665,1951 665,1992 690,1992 698,1991 699,1992 791,1992 791,1954 780,1954 777,1951 728,1951 728,1952 726,1951 696,1951"/>
          <TextEquiv>
            <Unicode>geſtoſſe⸗</Unicode>
          </TextEquiv>
        </Word>
        <TextEquiv>
          <Unicode>nach durch, und thut ſo viel geſtoſſe⸗</Unicode>
        </TextEquiv>
      </TextLine>
      <TextLine id="region0001_line0035" custom="readingOrder {index:4;}">
        <Coords points="153,1986 153,2026 185,2028 197,2025 215,2034 239,2037 319,2033 397,2040 407,2044 423,2040 451,2041 467,2035 604,2037 608,2034 640,2034 648,2039 800,2037 800,1997 765,1996 756,2000 737,1996 708,1998 698,1992 667,1996 649,1991 599,1995 595,1991 586,1990 577,1994 561,1992 558,1995 514,1991 484,2000 476,1997 403,1998 375,1995 343,1999 325,1998 310,1991 282,1991 261,1987 227,1987 223,1990 214,1990"/>
        <Baseline points="153,2015 246,2026 421,2031 800,2027"/>
        <Word id="region0001_line0035_word0000" custom="readingOrder {index:0;}">
          <Coords points="216,2028 216,2001 160,2001 160,2026 185,2028 197,2025 203,2028"/>
          <TextEquiv conf="0.9322956">
            <Unicode>nen</Unicode>
          </TextEquiv>
        </Word>
        <Word id="region0001_line0035_word0001" custom="readingOrder {index:1;}">
          <Coords points="236,1996 236,2036 259,2036 319,2033 340,2034 340,1998 325,1998 320,1996"/>
          <TextEquiv conf="0.93043405">
            <Unicode>Zukker</Unicode>
          </TextEquiv>
        </Word>
        <Word id="region0001_line0035_word0002" custom="readingOrder {index:2;}">
          <Coords points="367,1998 367,2036 463,2035 463,1997 403,1998 399,1997"/>
          <TextEquiv conf="0.9288707">
            <Unicode>dazu,</Unicode>
          </TextEquiv>
        </Word>
        <Word id="region0001_line0035_word0003" custom="readingOrder {index:3;}">
          <Coords points="492,2027 540,2027 540,1994 504,1994 492,1997"/>
          <TextEquiv conf="0.9238602">
            <Unicode>als</Unicode>
          </TextEquiv>
        </Word>
        <Word id="region0001_line0035_word0004" custom="readingOrder {index:4;}">
          <Coords points="562,1995 606,1995 606,2028 562,2028"/>
          <TextEquiv conf="0.9274388">
            <Unicode>die</Unicode>
          </TextEquiv>
        </Word>
        <Word id="region0001_line0035_word0005" custom="readingOrder {index:5;}">
          <Coords points="628,1995 628,2030 792,2030 792,1996 765,1996 756,2000 737,1996 708,1998 703,1995 674,1995 667,1996 663,1995"/>
          <TextEquiv conf="0.92280143">
            <Unicode>Erdbeeren</Unicode>
          </TextEquiv>
        </Word>
        <TextEquiv conf="0.9276168">
          <Unicode>nen Zukker dazu, als die Erdbeeren</Unicode>
        </TextEquiv>
      </TextLine>
      <TextLine id="region0001_line0036" custom="readingOrder {index:5;}">
        <Coords points="189,2026 185,2029 153,2027 153,2068 174,2070 188,2067 196,2072 213,2070 221,2077 241,2074 264,2076 269,2079 287,2076 314,2080 367,2080 408,2087 419,2087 434,2080 458,2078 466,2083 473,2079 599,2082 611,2086 648,2082 656,2083 667,2091 674,2091 703,2089 709,2085 737,2082 800,2082 800,2038 686,2038 649,2041 640,2035 608,2035 603,2041 534,2041 518,2040 513,2036 467,2036 451,2042 420,2042 407,2045 319,2034 239,2038 215,2035 201,2027"/>
        <Baseline points="153,2058 400,2074 800,2072"/>
        <Word id="region0001_line0036_word0000" custom="readingOrder {index:0;}">
          <Coords points="160,2033 160,2068 174,2070 188,2067 196,2072 213,2070 217,2074 241,2074 282,2074 282,2035 239,2038 215,2035 211,2033"/>
          <TextEquiv conf="0.9295216">
            <Unicode>wiegen,</Unicode>
          </TextEquiv>
        </Word>
        <Word id="region0001_line0036_word0001" custom="readingOrder {index:1;}">
          <Coords points="306,2036 306,2069 353,2069 353,2038 335,2036"/>
          <TextEquiv conf="0.9321569">
            <Unicode>bis</Unicode>
          </TextEquiv>
        </Word>
        <Word id="region0001_line0036_word0002" custom="readingOrder {index:2;}">
          <Coords points="366,2045 395,2045 395,2070 366,2070"/>
          <TextEquiv conf="0.9303698">
            <Unicode>er</Unicode>
          </TextEquiv>
        </Word>
        <Word id="region0001_line0036_word0003" custom="readingOrder {index:3;}">
          <Coords points="408,2076 443,2075 443,2043 411,2043 408,2044"/>
          <TextEquiv conf="0.9297955">
            <Unicode>zu</Unicode>
          </TextEquiv>
        </Word>
        <Word id="region0001_line0036_word0004" custom="readingOrder {index:4;}">
          <Coords points="462,2075 554,2075 554,2041 534,2041 518,2040 513,2036 467,2036 462,2037"/>
          <TextEquiv conf="0.9260621">
            <Unicode>ſtehen</Unicode>
          </TextEquiv>
        </Word>
        <Word id="region0001_line0036_word0005" custom="readingOrder {index:5;}">
          <Coords points="570,2076 709,2076 709,2038 686,2038 649,2041 640,2035 608,2035 603,2041 570,2041"/>
          <TextEquiv conf="0.9222095">
            <Unicode>anfaͤngt,</Unicode>
          </TextEquiv>
        </Word>
        <Word id="region0001_line0036_word0006" custom="readingOrder {index:6;}">
          <Coords points="732,2067 792,2067 792,2038 732,2038"/>
          <TextEquiv conf="0.92741966">
            <Unicode>und</Unicode>
          </TextEquiv>
        </Word>
        <TextEquiv conf="0.9282193">
          <Unicode>wiegen, bis er zu ſtehen anfaͤngt, und</Unicode>
        </TextEquiv>
      </TextLine>
      <TextLine id="line_1671016706841_1345" custom="readingOrder {index:6;}">
        <Coords points="179,2068 188,2068 196,2073 213,2071 221,2078 241,2075 264,2077 269,2080 287,2077 327,2082 367,2081 408,2088 419,2088 429,2082 449,2079 458,2079 466,2084 473,2080 507,2080 512,2084 523,2085 555,2081 568,2085 658,2086 667,2092 668,2098 688,2098 692,2101 692,2121 281,2121 226,2116 153,2118 153,2071 174,2071"/>
        <Baseline points="153,2107 693,2118"/>
        <Word id="region0001_line0037_word0000" custom="readingOrder {index:0;}">
          <Coords points="160,2074 160,2112 237,2112 237,2075 221,2078 216,2074"/>
          <TextEquiv conf="0.9262809">
            <Unicode>giebt</Unicode>
          </TextEquiv>
        </Word>
        <Word id="region0001_line0037_word0001" custom="readingOrder {index:1;}">
          <Coords points="259,2079 259,2108 290,2108 290,2079 275,2079 269,2080 267,2079"/>
          <TextEquiv conf="0.9299678">
            <Unicode>es</Unicode>
          </TextEquiv>
        </Word>
        <Word id="region0001_line0037_word0002" custom="readingOrder {index:2;}">
          <Coords points="306,2084 340,2084 340,2116 306,2116"/>
          <TextEquiv conf="0.9238301">
            <Unicode>zu</Unicode>
          </TextEquiv>
        </Word>
        <Word id="region0001_line0037_word0003" custom="readingOrder {index:3;}">
          <Coords points="361,2112 424,2112 424,2085 419,2088 408,2088 367,2081 361,2081"/>
          <TextEquiv conf="0.9319943">
            <Unicode>dem</Unicode>
          </TextEquiv>
        </Word>
        <Word id="region0001_line0037_word0004" custom="readingOrder {index:4;}">
          <Coords points="443,2109 642,2109 642,2085 568,2085 555,2081 523,2085 512,2084 507,2080 473,2080 466,2084 458,2079 449,2079 443,2079"/>
          <TextEquiv conf="0.92186755">
            <Unicode>Gebratenen.</Unicode>
          </TextEquiv>
        </Word>
        <TextEquiv conf="0.92678815">
          <Unicode>giebt es zu dem Gebratenen.</Unicode>
        </TextEquiv>
      </TextLine>
      <TextEquiv>
        <Unicode>Erdbeerſalſen. Man ſtoͤßt
ganz reife Erdbeeren, in einem ſteinern
oder hoͤlzernen Moͤrſer, ſiebt es her⸗
nach durch, und thut ſo viel geſtoſſe⸗
nen Zukker dazu, als die Erdbeeren
wiegen, bis er zu ſtehen anfaͤngt, und
giebt es zu dem Gebratenen.</Unicode>
      </TextEquiv>
    </TextRegion>
    <TextRegion orientation="0.100059934" readingDirection="left-to-right" id="TextRegion_1671016706737_1341" custom="readingOrder {index:9;}">
      <Coords points="152,2121 800,2121 800,2561 152,2561"/>
      <TextLine id="line_1671016706842_1346" custom="readingOrder {index:0;}">
        <Coords points="154,2123 184,2121 246,2121 255,2128 302,2127 329,2135 367,2137 393,2135 400,2130 416,2130 422,2136 438,2138 536,2138 540,2131 547,2129 632,2130 642,2135 655,2129 726,2131 733,2127 743,2127 753,2136 800,2139 800,2175 711,2180 699,2177 671,2180 665,2176 634,2176 564,2180 559,2176 548,2176 541,2179 486,2178 480,2182 456,2179 446,2182 436,2179 411,2178 407,2175 344,2177 297,2171 220,2170 169,2165 153,2157"/>
        <Baseline points="153,2151 447,2169 800,2167"/>
        <Word id="region0001_line0038_word0000" custom="readingOrder {index:0;}">
          <Coords points="202,2129 202,2168 527,2167 527,2138 438,2138 422,2136 416,2130 400,2130 393,2135 367,2137 329,2135 307,2128"/>
          <TextEquiv conf="0.9119382">
            <Unicode>Erdbeerſuppe.</Unicode>
          </TextEquiv>
        </Word>
        <Word id="region0001_line0038_word0001" custom="readingOrder {index:1;}">
          <Coords points="586,2130 586,2165 647,2165 647,2132 642,2135 632,2130"/>
          <TextEquiv conf="0.925123">
            <Unicode>Die</Unicode>
          </TextEquiv>
        </Word>
        <Word id="region0001_line0038_word0002" custom="readingOrder {index:2;}">
          <Coords points="731,2128 726,2131 667,2129 667,2165 793,2165 793,2138 753,2136 744,2128"/>
          <TextEquiv>
            <Unicode>Erdbee⸗</Unicode>
          </TextEquiv>
        </Word>
        <TextEquiv>
          <Unicode>Erdbeerſuppe. Die Erdbee⸗</Unicode>
        </TextEquiv>
      </TextLine>
      <TextLine id="region0001_line0039" custom="readingOrder {index:1;}">
        <Coords points="160,2164 153,2165 152,2206 180,2209 211,2212 243,2210 270,2213 284,2218 372,2217 386,2221 393,2218 424,2219 439,2225 477,2221 526,2223 531,2220 543,2220 555,2227 565,2220 570,2220 605,2228 617,2225 655,2228 680,2223 764,2224 769,2221 775,2221 783,2226 799,2225 800,2176 762,2177 757,2181 705,2181 699,2178 671,2181 665,2177 564,2181 559,2177 548,2177 526,2181 472,2183 456,2180 446,2183 438,2181 412,2181 407,2176 331,2179 306,2176 297,2172 268,2175"/>
        <Baseline points="152,2196 441,2212 799,2215"/>
        <Word id="region0001_line0039_word0000" custom="readingOrder {index:0;}">
          <Coords points="160,2176 208,2176 208,2204 160,2204"/>
          <TextEquiv conf="0.9272837">
            <Unicode>ren</Unicode>
          </TextEquiv>
        </Word>
        <Word id="region0001_line0039_word0001" custom="readingOrder {index:1;}">
          <Coords points="235,2177 235,2207 347,2207 347,2178 331,2179 314,2177"/>
          <TextEquiv conf="0.9277399">
            <Unicode>werden</Unicode>
          </TextEquiv>
        </Word>
        <Word id="region0001_line0039_word0002" custom="readingOrder {index:2;}">
          <Coords points="378,2212 472,2211 472,2183 456,2180 446,2183 438,2181 412,2181 407,2176 378,2177"/>
          <TextEquiv conf="0.92591596">
            <Unicode>hierzu</Unicode>
          </TextEquiv>
        </Word>
        <Word id="region0001_line0039_word0003" custom="readingOrder {index:3;}">
          <Coords points="495,2212 565,2212 565,2180 564,2181 559,2177 548,2177 526,2181 495,2182"/>
          <TextEquiv conf="0.92864203">
            <Unicode>nach</Unicode>
          </TextEquiv>
        </Word>
        <Word id="region0001_line0039_word0004" custom="readingOrder {index:4;}">
          <Coords points="603,2215 793,2215 793,2176 762,2177 757,2181 705,2181 699,2178 671,2181 665,2177 603,2179"/>
          <TextEquiv conf="0.92596304">
            <Unicode>Erforderniß</Unicode>
          </TextEquiv>
        </Word>
        <TextEquiv conf="0.92710894">
          <Unicode>ren werden hierzu nach Erforderniß</Unicode>
        </TextEquiv>
      </TextLine>
      <TextLine id="region0001_line0040" custom="readingOrder {index:2;}">
        <Coords points="165,2208 152,2210 152,2254 187,2254 199,2258 255,2257 271,2261 332,2255 381,2259 389,2263 401,2260 444,2258 470,2262 483,2260 499,2265 514,2257 518,2260 516,2269 523,2266 547,2266 560,2270 594,2267 679,2267 686,2258 693,2261 691,2271 700,2271 706,2263 718,2262 732,2266 799,2264 799,2226 783,2227 775,2222 764,2225 683,2225 661,2226 655,2229 617,2226 605,2229 565,2221 555,2228 543,2221 531,2221 525,2225 439,2226 424,2220 393,2219 386,2222 372,2218 284,2219 270,2214 243,2211 211,2213"/>
        <Baseline points="152,2245 533,2257 799,2255"/>
        <Word id="region0001_line0040_word0000" custom="readingOrder {index:0;}">
          <Coords points="161,2216 161,2254 187,2254 313,2254 313,2218 284,2219 275,2216"/>
          <TextEquiv conf="0.9178418">
            <Unicode>gezukkert.</Unicode>
          </TextEquiv>
        </Word>
        <Word id="region0001_line0040_word0001" custom="readingOrder {index:1;}">
          <Coords points="359,2219 359,2251 495,2250 495,2225 439,2226 424,2220 393,2219 386,2222 375,2218"/>
          <TextEquiv conf="0.91935056">
            <Unicode>Alsdann</Unicode>
          </TextEquiv>
        </Word>
        <Word id="region0001_line0040_word0002" custom="readingOrder {index:2;}">
          <Coords points="512,2256 592,2256 592,2226 565,2221 555,2228 543,2221 531,2221 525,2225 512,2225"/>
          <TextEquiv conf="0.92746603">
            <Unicode>gießt</Unicode>
          </TextEquiv>
        </Word>
        <Word id="region0001_line0040_word0003" custom="readingOrder {index:3;}">
          <Coords points="612,2248 660,2248 660,2226 655,2229 617,2226 612,2227"/>
          <TextEquiv conf="0.92576677">
            <Unicode>man</Unicode>
          </TextEquiv>
        </Word>
        <Word id="region0001_line0040_word0004" custom="readingOrder {index:4;}">
          <Coords points="687,2256 793,2256 793,2226 783,2227 775,2222 764,2225 687,2225"/>
          <TextEquiv>
            <Unicode>gemei⸗</Unicode>
          </TextEquiv>
        </Word>
        <TextEquiv>
          <Unicode>gezukkert. Alsdann gießt man gemei⸗</Unicode>
        </TextEquiv>
      </TextLine>
      <TextLine id="region0001_line0041" custom="readingOrder {index:3;}">
        <Coords points="162,2254 152,2255 152,2290 167,2289 195,2297 227,2297 269,2304 294,2301 312,2309 330,2303 359,2306 365,2302 414,2302 423,2306 485,2307 582,2304 623,2311 650,2312 670,2308 721,2310 730,2306 743,2310 799,2310 799,2265 732,2267 718,2263 706,2264 700,2272 691,2272 692,2261 686,2259 679,2268 560,2271 547,2267 523,2267 516,2270 517,2260 514,2258 503,2266 491,2266 483,2261 470,2263 444,2259 401,2261 389,2264 381,2260 332,2256 271,2262 255,2258 199,2259 187,2255"/>
        <Baseline points="152,2282 306,2295 799,2299"/>
        <Word id="region0001_line0041_word0000" custom="readingOrder {index:0;}">
          <Coords points="215,2295 215,2266 162,2266 162,2289 167,2289 188,2295"/>
          <TextEquiv conf="0.9193481">
            <Unicode>nen</Unicode>
          </TextEquiv>
        </Word>
        <Word id="region0001_line0041_word0001" custom="readingOrder {index:1;}">
          <Coords points="297,2298 297,2267 232,2267 232,2297 233,2298"/>
          <TextEquiv conf="0.92841876">
            <Unicode>oder</Unicode>
          </TextEquiv>
        </Word>
        <Word id="region0001_line0041_word0002" custom="readingOrder {index:2;}">
          <Coords points="311,2263 311,2306 321,2306 330,2303 359,2306 365,2302 399,2302 399,2263 393,2263 389,2264 387,2263"/>
          <TextEquiv conf="0.9065254">
            <Unicode>ſuͤſſen</Unicode>
          </TextEquiv>
        </Word>
        <Word id="region0001_line0041_word0003" custom="readingOrder {index:3;}">
          <Coords points="434,2264 434,2298 504,2297 504,2265 503,2266 491,2266 486,2263"/>
          <TextEquiv conf="0.9268998">
            <Unicode>Wein</Unicode>
          </TextEquiv>
        </Word>
        <Word id="region0001_line0041_word0004" custom="readingOrder {index:4;}">
          <Coords points="522,2296 615,2296 615,2269 560,2271 547,2267 523,2267 522,2267"/>
          <TextEquiv conf="0.9088589">
            <Unicode>daran,</Unicode>
          </TextEquiv>
        </Word>
        <Word id="region0001_line0041_word0005" custom="readingOrder {index:5;}">
          <Coords points="658,2296 746,2296 746,2266 732,2267 718,2263 706,2264 700,2272 691,2272 692,2261 686,2259 679,2268 658,2268"/>
          <TextEquiv conf="0.92923415">
            <Unicode>treibt</Unicode>
          </TextEquiv>
        </Word>
        <Word id="region0001_line0041_word0006" custom="readingOrder {index:6;}">
          <Coords points="761,2296 794,2296 794,2266 765,2266 761,2266"/>
          <TextEquiv conf="0.9297222">
            <Unicode>es</Unicode>
          </TextEquiv>
        </Word>
        <TextEquiv conf="0.92128676">
          <Unicode>nen oder ſuͤſſen Wein daran, treibt es</Unicode>
        </TextEquiv>
      </TextLine>
      <TextLine id="region0001_line0042" custom="readingOrder {index:4;}">
        <Coords points="159,2290 152,2291 152,2332 192,2335 203,2342 221,2341 231,2346 282,2344 288,2347 351,2349 407,2344 423,2345 428,2348 437,2345 466,2345 536,2352 568,2352 584,2348 588,2352 626,2349 648,2353 763,2350 799,2353 799,2312 744,2312 739,2308 730,2307 715,2312 670,2309 650,2313 623,2312 582,2305 455,2308 423,2307 414,2303 365,2303 359,2307 330,2304 312,2310 294,2302 280,2307 227,2298 202,2299"/>
        <Baseline points="152,2324 336,2339 799,2342"/>
        <Word id="region0001_line0042_word0000" custom="readingOrder {index:0;}">
          <Coords points="162,2295 162,2332 192,2335 198,2339 243,2339 243,2300 227,2298 202,2299 182,2295"/>
          <TextEquiv conf="0.92256844">
            <Unicode>durch</Unicode>
          </TextEquiv>
        </Word>
        <Word id="region0001_line0042_word0001" custom="readingOrder {index:1;}">
          <Coords points="275,2334 319,2334 319,2307 312,2310 294,2302 280,2307 275,2306"/>
          <TextEquiv conf="0.9308824">
            <Unicode>ein</Unicode>
          </TextEquiv>
        </Word>
        <Word id="region0001_line0042_word0002" custom="readingOrder {index:2;}">
          <Coords points="341,2337 439,2337 439,2307 423,2307 414,2303 365,2303 359,2307 341,2305"/>
          <TextEquiv conf="0.89435005">
            <Unicode>Sieb,</Unicode>
          </TextEquiv>
        </Word>
        <Word id="region0001_line0042_word0003" custom="readingOrder {index:3;}">
          <Coords points="465,2332 523,2332 523,2306 465,2307"/>
          <TextEquiv conf="0.93108606">
            <Unicode>und</Unicode>
          </TextEquiv>
        </Word>
        <Word id="region0001_line0042_word0004" custom="readingOrder {index:4;}">
          <Coords points="553,2339 619,2339 619,2311 582,2305 553,2305"/>
          <TextEquiv conf="0.92847925">
            <Unicode>laͤßt</Unicode>
          </TextEquiv>
        </Word>
        <Word id="region0001_line0042_word0005" custom="readingOrder {index:5;}">
          <Coords points="648,2332 681,2332 681,2309 670,2309 650,2313 648,2312"/>
          <TextEquiv conf="0.92933345">
            <Unicode>es</Unicode>
          </TextEquiv>
        </Word>
        <Word id="region0001_line0042_word0006" custom="readingOrder {index:6;}">
          <Coords points="713,2332 794,2332 794,2312 744,2312 739,2308 730,2307 715,2312 713,2311"/>
          <TextEquiv conf="0.9277749">
            <Unicode>einen</Unicode>
          </TextEquiv>
        </Word>
        <TextEquiv conf="0.92349637">
          <Unicode>durch ein Sieb, und laͤßt es einen</Unicode>
        </TextEquiv>
      </TextLine>
      <TextLine id="region0001_line0043" custom="readingOrder {index:5;}">
        <Coords points="152,2333 152,2376 227,2381 236,2387 250,2385 309,2391 322,2387 345,2386 365,2391 377,2391 384,2387 406,2391 512,2388 530,2393 593,2395 599,2398 605,2398 615,2392 640,2393 645,2396 693,2392 713,2395 799,2397 799,2356 781,2356 773,2351 763,2351 757,2355 648,2354 626,2350 588,2353 584,2349 568,2353 536,2353 466,2346 437,2346 428,2349 423,2346 407,2345 351,2350 300,2350 282,2345 231,2347 221,2342 203,2343 192,2336"/>
        <Baseline points="152,2369 278,2380 799,2387"/>
        <Word id="region0001_line0043_word0000" custom="readingOrder {index:0;}">
          <Coords points="163,2340 163,2376 232,2376 232,2347 231,2347 221,2342 203,2343 198,2340"/>
          <TextEquiv conf="0.92344284">
            <Unicode>Sud</Unicode>
          </TextEquiv>
        </Word>
        <Word id="region0001_line0043_word0001" custom="readingOrder {index:1;}">
          <Coords points="256,2377 339,2377 339,2350 300,2350 282,2345 256,2346"/>
          <TextEquiv conf="0.9230584">
            <Unicode>thun.</Unicode>
          </TextEquiv>
        </Word>
        <Word id="region0001_line0043_word0002" custom="readingOrder {index:2;}">
          <Coords points="400,2376 539,2375 539,2353 536,2353 466,2346 437,2346 428,2349 423,2346 407,2345 400,2345"/>
          <TextEquiv conf="0.91687644">
            <Unicode>Alsdann</Unicode>
          </TextEquiv>
        </Word>
        <Word id="region0001_line0043_word0003" custom="readingOrder {index:3;}">
          <Coords points="565,2382 650,2382 650,2354 648,2354 626,2350 588,2353 584,2349 568,2353 565,2353"/>
          <TextEquiv>
            <Unicode>roͤſtet</Unicode>
          </TextEquiv>
        </Word>
        <Word id="region0001_line0043_word0004" custom="readingOrder {index:4;}">
          <Coords points="672,2375 743,2375 743,2354 672,2354"/>
          <TextEquiv conf="0.9301292">
            <Unicode>man</Unicode>
          </TextEquiv>
        </Word>
        <Word id="region0001_line0043_word0005" custom="readingOrder {index:5;}">
          <Coords points="763,2375 794,2375 794,2356 781,2356 773,2351 763,2351"/>
          <TextEquiv conf="0.9301292">
            <Unicode>in</Unicode>
          </TextEquiv>
        </Word>
        <TextEquiv>
          <Unicode>Sud thun. Alsdann roͤſtet man in</Unicode>
        </TextEquiv>
      </TextLine>
      <TextLine id="region0001_line0044" custom="readingOrder {index:6;}">
        <Coords points="152,2377 152,2423 221,2428 233,2430 241,2435 245,2435 250,2429 263,2432 279,2431 285,2438 316,2435 325,2437 332,2434 351,2437 357,2432 371,2434 374,2431 385,2431 395,2434 405,2431 440,2429 475,2433 488,2430 495,2434 514,2436 589,2438 601,2435 607,2438 640,2439 648,2435 665,2434 693,2440 769,2438 780,2444 799,2443 799,2399 717,2397 693,2393 659,2394 649,2397 615,2393 605,2399 599,2399 593,2396 537,2395 512,2389 468,2389 462,2392 449,2392 406,2392 384,2388 377,2392 359,2392 352,2387 322,2388 313,2394 290,2394 277,2388 236,2388 227,2382"/>
        <Baseline points="152,2414 285,2425 445,2421 799,2433"/>
        <Word id="region0001_line0044_word0000" custom="readingOrder {index:0;}">
          <Coords points="162,2384 162,2423 207,2427 275,2427 275,2388 236,2388 230,2384"/>
          <TextEquiv conf="0.91125226">
            <Unicode>Wuͤrfel</Unicode>
          </TextEquiv>
        </Word>
        <Word id="region0001_line0044_word0001" custom="readingOrder {index:1;}">
          <Coords points="471,2429 471,2389 468,2389 462,2392 449,2392 406,2392 384,2388 377,2392 359,2392 352,2387 322,2388 313,2394 290,2394 284,2391 284,2430 436,2429 440,2429 441,2429"/>
          <TextEquiv conf="0.9170045">
            <Unicode>geſchnittene</Unicode>
          </TextEquiv>
        </Word>
        <Word id="region0001_line0044_word0002" custom="readingOrder {index:2;}">
          <Coords points="481,2420 619,2420 619,2393 615,2393 605,2399 599,2399 593,2396 537,2395 512,2389 481,2389"/>
          <TextEquiv conf="0.86874497">
            <Unicode>Semmel</Unicode>
          </TextEquiv>
        </Word>
        <Word id="region0001_line0044_word0003" custom="readingOrder {index:3;}">
          <Coords points="630,2421 658,2421 658,2394 649,2397 630,2394"/>
          <TextEquiv conf="0.92754483">
            <Unicode>in</Unicode>
          </TextEquiv>
        </Word>
        <Word id="region0001_line0044_word0004" custom="readingOrder {index:4;}">
          <Coords points="669,2426 794,2426 794,2398 717,2397 693,2393 669,2393"/>
          <TextEquiv conf="0.92048734">
            <Unicode>Butter,</Unicode>
          </TextEquiv>
        </Word>
        <TextEquiv conf="0.90900683">
          <Unicode>Wuͤrfel geſchnittene Semmel in Butter,</Unicode>
        </TextEquiv>
      </TextLine>
      <TextLine id="region0001_line0045" custom="readingOrder {index:7;}">
        <Coords points="152,2424 152,2460 203,2464 221,2474 264,2477 276,2481 291,2478 386,2479 407,2478 417,2474 513,2472 521,2477 569,2475 593,2480 661,2481 681,2484 776,2481 781,2485 800,2485 799,2444 780,2445 769,2439 757,2442 693,2441 665,2435 648,2436 640,2440 607,2439 601,2436 586,2439 514,2437 495,2435 488,2431 475,2434 440,2430 405,2432 395,2435 374,2432 371,2435 357,2433 351,2438 332,2435 325,2438 316,2436 285,2439 279,2432 263,2433 250,2430 245,2436 241,2436 233,2431 221,2429"/>
        <Baseline points="152,2453 271,2468 522,2465 800,2475"/>
        <Word id="region0001_line0045_word0000" custom="readingOrder {index:0;}">
          <Coords points="217,2463 217,2434 161,2434 161,2460 190,2463"/>
          <TextEquiv conf="0.9263935">
            <Unicode>und</Unicode>
          </TextEquiv>
        </Word>
        <Word id="region0001_line0045_word0001" custom="readingOrder {index:1;}">
          <Coords points="234,2435 235,2474 335,2474 334,2435 332,2435 325,2438 316,2436 285,2439 281,2435 245,2435 245,2436 241,2436 239,2435"/>
          <TextEquiv conf="0.9292129">
            <Unicode>richtet</Unicode>
          </TextEquiv>
        </Word>
        <Word id="region0001_line0045_word0002" custom="readingOrder {index:2;}">
          <Coords points="356,2434 355,2435 355,2469 399,2469 399,2434 398,2434 395,2435 388,2434 372,2434 371,2435 364,2434"/>
          <TextEquiv conf="0.93070513">
            <Unicode>die</Unicode>
          </TextEquiv>
        </Word>
        <Word id="region0001_line0045_word0003" custom="readingOrder {index:3;}">
          <Coords points="417,2433 417,2467 579,2466 579,2438 514,2437 495,2435 490,2432 481,2432 475,2434 463,2432"/>
          <TextEquiv conf="0.92392325">
            <Unicode>Erdbeeren</Unicode>
          </TextEquiv>
        </Word>
        <Word id="region0001_line0045_word0004" custom="readingOrder {index:4;}">
          <Coords points="596,2467 721,2467 721,2441 693,2441 665,2435 648,2436 640,2440 607,2439 601,2436 596,2437"/>
          <TextEquiv conf="0.92266005">
            <Unicode>daruͤber</Unicode>
          </TextEquiv>
        </Word>
        <Word id="region0001_line0045_word0005" custom="readingOrder {index:5;}">
          <Coords points="744,2465 795,2465 795,2444 780,2445 769,2439 757,2442 744,2441"/>
          <TextEquiv conf="0.66659135">
            <Unicode>an.</Unicode>
          </TextEquiv>
        </Word>
        <TextEquiv conf="0.88324773">
          <Unicode>und richtet die Erdbeeren daruͤber an.</Unicode>
        </TextEquiv>
      </TextLine>
      <TextLine id="region0001_line0046" custom="readingOrder {index:8;}">
        <Coords points="152,2461 153,2508 168,2507 228,2517 280,2516 327,2520 344,2518 350,2521 426,2519 454,2523 506,2523 510,2517 526,2515 574,2518 586,2523 800,2527 800,2486 781,2486 776,2482 751,2485 681,2485 599,2482 569,2476 521,2478 513,2473 417,2475 407,2479 276,2482 264,2478 219,2475 210,2467 203,2465"/>
        <Baseline points="153,2499 297,2510 800,2517"/>
        <Word id="region0001_line0046_word0000" custom="readingOrder {index:0;}">
          <Coords points="162,2467 163,2506 256,2506 255,2477 219,2475 210,2467"/>
          <TextEquiv conf="0.9297329">
            <Unicode>Wenn</Unicode>
          </TextEquiv>
        </Word>
        <Word id="region0001_line0046_word0001" custom="readingOrder {index:1;}">
          <Coords points="285,2505 355,2505 355,2481 319,2481 285,2481"/>
          <TextEquiv conf="0.93241537">
            <Unicode>man</Unicode>
          </TextEquiv>
        </Word>
        <Word id="region0001_line0046_word0002" custom="readingOrder {index:2;}">
          <Coords points="388,2509 469,2508 468,2473 417,2475 407,2479 387,2479"/>
          <TextEquiv conf="0.92721635">
            <Unicode>will,</Unicode>
          </TextEquiv>
        </Word>
        <Word id="region0001_line0046_word0003" custom="readingOrder {index:3;}">
          <Coords points="498,2508 526,2508 525,2477 521,2478 513,2473 497,2473"/>
          <TextEquiv conf="0.9211734">
            <Unicode>ſo</Unicode>
          </TextEquiv>
        </Word>
        <Word id="region0001_line0046_word0004" custom="readingOrder {index:4;}">
          <Coords points="551,2503 626,2503 625,2482 599,2482 569,2476 550,2476"/>
          <TextEquiv conf="0.9314727">
            <Unicode>kann</Unicode>
          </TextEquiv>
        </Word>
        <Word id="region0001_line0046_word0005" custom="readingOrder {index:5;}">
          <Coords points="648,2502 719,2502 719,2485 681,2485 648,2483"/>
          <TextEquiv conf="0.9225107">
            <Unicode>man</Unicode>
          </TextEquiv>
        </Word>
        <Word id="region0001_line0046_word0006" custom="readingOrder {index:6;}">
          <Coords points="748,2504 795,2504 795,2486 781,2486 776,2482 751,2485 748,2485"/>
          <TextEquiv conf="0.9266888">
            <Unicode>ein</Unicode>
          </TextEquiv>
        </Word>
        <TextEquiv conf="0.9273157">
          <Unicode>Wenn man will, ſo kann man ein</Unicode>
        </TextEquiv>
      </TextLine>
      <TextLine id="line_1671016703209_1339" custom="readingOrder {index:9;}">
        <Coords points="160,2508 239,2519 344,2519 351,2524 426,2520 454,2524 506,2524 510,2518 526,2516 574,2519 586,2524 686,2526 691,2538 711,2539 715,2542 715,2561 223,2561 221,2559 153,2549 153,2509"/>
        <Baseline points="153,2539 261,2557 498,2552 715,2558"/>
        <Word id="region0001_line0047_word0000" custom="readingOrder {index:0;}">
          <Coords points="162,2516 162,2550 221,2559 222,2560 254,2560 254,2519 239,2519 217,2516"/>
          <TextEquiv conf="0.9284197">
            <Unicode>wenig</Unicode>
          </TextEquiv>
        </Word>
        <Word id="region0001_line0047_word0001" custom="readingOrder {index:1;}">
          <Coords points="270,2519 270,2560 402,2560 402,2521 351,2524 344,2519"/>
          <TextEquiv conf="0.92575556">
            <Unicode>Triſenet</Unicode>
          </TextEquiv>
        </Word>
        <Word id="region0001_line0047_word0002" custom="readingOrder {index:2;}">
          <Coords points="526,2516 510,2518 506,2524 454,2524 426,2520 419,2520 419,2557 530,2556 530,2516 527,2516"/>
          <TextEquiv conf="0.9212406">
            <Unicode>darauf</Unicode>
          </TextEquiv>
        </Word>
        <Word id="region0001_line0047_word0003" custom="readingOrder {index:3;}">
          <Coords points="544,2518 544,2558 665,2558 665,2525 586,2524 574,2519 558,2518"/>
          <TextEquiv conf="0.9212406">
            <Unicode>ſtreuen.</Unicode>
          </TextEquiv>
        </Word>
        <TextEquiv conf="0.9241641">
          <Unicode>wenig Triſenet darauf ſtreuen.</Unicode>
        </TextEquiv>
      </TextLine>
      <TextEquiv>
        <Unicode>Erdbeerſuppe. Die Erdbee⸗
ren werden hierzu nach Erforderniß
gezukkert. Alsdann gießt man gemei⸗
nen oder ſuͤſſen Wein daran, treibt es
durch ein Sieb, und laͤßt es einen
Sud thun. Alsdann roͤſtet man in
Wuͤrfel geſchnittene Semmel in Butter,
und richtet die Erdbeeren daruͤber an.
Wenn man will, ſo kann man ein
wenig Triſenet darauf ſtreuen.</Unicode>
      </TextEquiv>
    </TextRegion>
    <TextRegion orientation="0.100059934" readingDirection="left-to-right" id="TextRegion_1671016703106_1335" custom="readingOrder {index:10;}">
      <Coords points="152,2561 800,2561 800,2757 152,2757"/>
      <TextLine id="region0001_line0048" custom="readingOrder {index:0;}">
        <Coords points="213,2561 154,2563 153,2593 179,2596 197,2602 204,2610 211,2611 312,2612 348,2616 387,2616 392,2620 402,2620 419,2613 573,2614 582,2610 598,2613 607,2610 641,2611 647,2614 668,2612 676,2616 706,2618 758,2615 761,2618 800,2619 800,2580 752,2579 716,2575 712,2572 658,2576 651,2575 647,2566 627,2563 595,2566 580,2573 487,2574 474,2572 467,2567 440,2566 400,2567 388,2576 370,2576 362,2567 352,2568 347,2575 321,2572 317,2575 290,2576 264,2573 252,2568"/>
        <Baseline points="153,2588 260,2603 800,2608"/>
        <Word id="region0001_line0048_word0000" custom="readingOrder {index:0;}">
          <Coords points="203,2568 203,2608 499,2607 499,2574 487,2574 474,2572 467,2567 400,2567 388,2576 370,2576 362,2567 357,2567 352,2568 347,2575 321,2572 317,2575 290,2576 264,2573 252,2568 251,2568"/>
          <TextEquiv conf="0.41397038">
            <Unicode>Ebendieſelbe</Unicode>
          </TextEquiv>
        </Word>
        <Word id="region0001_line0048_word0001" custom="readingOrder {index:1;}">
          <Coords points="543,2605 612,2605 612,2570 586,2570 580,2573 543,2573"/>
          <TextEquiv conf="0.26115045">
            <Unicode>auf</Unicode>
          </TextEquiv>
        </Word>
        <Word id="region0001_line0048_word0002" custom="readingOrder {index:2;}">
          <Coords points="645,2601 794,2601 794,2579 752,2579 716,2575 712,2572 658,2576 651,2575 647,2566 645,2565"/>
          <TextEquiv conf="0.26115045">
            <Unicode>andere</Unicode>
          </TextEquiv>
        </Word>
        <TextEquiv conf="0.31209043">
          <Unicode>Ebendieſelbe auf andere</Unicode>
        </TextEquiv>
      </TextLine>
      <TextLine id="region0001_line0049" custom="readingOrder {index:1;}">
        <Coords points="153,2594 153,2643 179,2646 190,2644 217,2651 261,2651 266,2656 284,2661 315,2658 321,2663 329,2663 415,2660 421,2657 436,2660 468,2659 475,2656 490,2658 515,2654 557,2658 573,2656 583,2659 589,2655 608,2654 622,2657 655,2656 664,2660 732,2657 782,2663 800,2662 800,2620 793,2619 761,2619 758,2616 688,2619 675,2618 668,2613 652,2614 648,2617 641,2612 607,2611 598,2614 582,2611 571,2617 509,2616 497,2613 493,2616 437,2619 432,2614 419,2614 414,2619 392,2621 312,2613 211,2612 204,2611 197,2603 179,2597"/>
        <Baseline points="153,2612 176,2609 276,2652 613,2646 800,2652"/>
        <Word id="region0001_line0049_word0000" custom="readingOrder {index:0;}">
          <Coords points="161,2601 161,2638 242,2638 242,2612 211,2612 204,2611 197,2603 191,2601"/>
          <TextEquiv conf="0.90439665">
            <Unicode>Art.</Unicode>
          </TextEquiv>
        </Word>
        <Word id="region0001_line0049_word0001" custom="readingOrder {index:1;}">
          <Coords points="290,2642 372,2642 372,2619 312,2613 290,2612"/>
          <TextEquiv conf="0.9237292">
            <Unicode>Man</Unicode>
          </TextEquiv>
        </Word>
        <Word id="region0001_line0049_word0002" custom="readingOrder {index:2;}">
          <Coords points="400,2638 508,2637 508,2615 497,2613 493,2616 437,2619 432,2614 419,2614 414,2619 400,2620"/>
          <TextEquiv conf="0.9175118">
            <Unicode>nimmt</Unicode>
          </TextEquiv>
        </Word>
        <Word id="region0001_line0049_word0003" custom="readingOrder {index:3;}">
          <Coords points="535,2643 592,2643 592,2612 582,2611 571,2617 535,2616"/>
          <TextEquiv conf="0.92712533">
            <Unicode>auf</Unicode>
          </TextEquiv>
        </Word>
        <Word id="region0001_line0049_word0004" custom="readingOrder {index:4;}">
          <Coords points="617,2640 710,2640 710,2618 688,2619 675,2618 668,2613 652,2614 648,2617 641,2612 617,2611"/>
          <TextEquiv conf="0.9303843">
            <Unicode>ſieben</Unicode>
          </TextEquiv>
        </Word>
        <Word id="region0001_line0049_word0005" custom="readingOrder {index:5;}">
          <Coords points="745,2639 794,2639 794,2619 793,2619 761,2619 758,2616 745,2616"/>
          <TextEquiv conf="0.9307889">
            <Unicode>bis</Unicode>
          </TextEquiv>
        </Word>
        <TextEquiv conf="0.9223227">
          <Unicode>Art. Man nimmt auf ſieben bis</Unicode>
        </TextEquiv>
      </TextLine>
      <TextLine id="region0001_line0050" custom="readingOrder {index:2;}">
        <Coords points="165,2645 153,2646 153,2682 170,2682 182,2690 197,2695 213,2694 246,2703 280,2702 302,2709 325,2701 346,2705 356,2702 415,2704 421,2701 435,2704 466,2703 497,2699 584,2703 608,2699 659,2698 673,2701 685,2698 693,2703 717,2705 800,2704 800,2667 795,2663 769,2663 764,2660 689,2658 664,2661 655,2657 622,2658 608,2655 589,2656 577,2660 573,2657 554,2659 536,2655 515,2655 445,2662 421,2658 407,2664 326,2665 315,2659 284,2662 266,2657 261,2652 217,2652 190,2645"/>
        <Baseline points="153,2676 288,2694 800,2694"/>
        <Word id="region0001_line0050_word0000" custom="readingOrder {index:0;}">
          <Coords points="221,2691 221,2653 161,2653 161,2682 170,2682 182,2690 185,2691"/>
          <TextEquiv conf="0.9182612">
            <Unicode>acht</Unicode>
          </TextEquiv>
        </Word>
        <Word id="region0001_line0050_word0001" custom="readingOrder {index:1;}">
          <Coords points="237,2657 237,2698 381,2698 381,2664 326,2665 315,2659 284,2662 266,2657"/>
          <TextEquiv conf="0.9264286">
            <Unicode>Perſonen</Unicode>
          </TextEquiv>
        </Word>
        <Word id="region0001_line0050_word0002" custom="readingOrder {index:2;}">
          <Coords points="406,2689 450,2688 450,2661 445,2662 421,2658 407,2664 406,2664"/>
          <TextEquiv conf="0.9298106">
            <Unicode>ein</Unicode>
          </TextEquiv>
        </Word>
        <Word id="region0001_line0050_word0003" custom="readingOrder {index:3;}">
          <Coords points="475,2692 577,2692 577,2660 573,2657 554,2659 536,2655 515,2655 475,2659"/>
          <TextEquiv conf="0.9159041">
            <Unicode>halbes</Unicode>
          </TextEquiv>
        </Word>
        <Word id="region0001_line0050_word0004" custom="readingOrder {index:4;}">
          <Coords points="599,2690 700,2690 700,2658 689,2658 664,2661 655,2657 622,2658 608,2655 599,2655"/>
          <TextEquiv conf="0.9291809">
            <Unicode>Maas</Unicode>
          </TextEquiv>
        </Word>
        <Word id="region0001_line0050_word0005" custom="readingOrder {index:5;}">
          <Coords points="715,2690 793,2690 793,2663 769,2663 764,2660 715,2658"/>
          <TextEquiv>
            <Unicode>Erd⸗</Unicode>
          </TextEquiv>
        </Word>
        <TextEquiv>
          <Unicode>acht Perſonen ein halbes Maas Erd⸗</Unicode>
        </TextEquiv>
      </TextLine>
      <TextLine id="region0001_line0051" custom="readingOrder {index:3;}">
        <Coords points="153,2683 153,2730 246,2743 261,2752 278,2756 312,2757 343,2753 360,2756 365,2752 404,2748 511,2749 591,2746 613,2747 618,2756 634,2756 636,2747 800,2748 800,2705 717,2706 693,2704 685,2699 673,2702 659,2699 608,2700 584,2704 535,2704 497,2700 438,2707 429,2702 421,2702 414,2706 363,2703 346,2706 325,2702 302,2710 280,2703 246,2704 213,2695 197,2696 182,2691 170,2683"/>
        <Baseline points="153,2720 251,2732 291,2745 405,2738 800,2739"/>
        <Word id="region0001_line0051_word0000" custom="readingOrder {index:0;}">
          <Coords points="159,2686 159,2730 188,2735 275,2735 275,2703 246,2704 213,2695 197,2696 182,2691 174,2686"/>
          <TextEquiv conf="0.9277835">
            <Unicode>beeren,</Unicode>
          </TextEquiv>
        </Word>
        <Word id="region0001_line0051_word0001" custom="readingOrder {index:1;}">
          <Coords points="305,2738 385,2738 385,2704 363,2703 346,2706 325,2702 305,2708"/>
          <TextEquiv conf="0.90994775">
            <Unicode>gießt</Unicode>
          </TextEquiv>
        </Word>
        <Word id="region0001_line0051_word0002" custom="readingOrder {index:2;}">
          <Coords points="405,2729 466,2728 466,2703 438,2707 429,2702 421,2702 414,2706 405,2705"/>
          <TextEquiv conf="0.9298426">
            <Unicode>eine</Unicode>
          </TextEquiv>
        </Word>
        <Word id="region0001_line0051_word0003" custom="readingOrder {index:3;}">
          <Coords points="490,2728 594,2728 594,2702 584,2704 535,2704 497,2700 490,2700"/>
          <TextEquiv conf="0.92336327">
            <Unicode>Kanne</Unicode>
          </TextEquiv>
        </Word>
        <Word id="region0001_line0051_word0004" custom="readingOrder {index:4;}">
          <Coords points="618,2740 707,2740 707,2705 693,2704 685,2699 673,2702 659,2699 618,2699"/>
          <TextEquiv conf="0.92464644">
            <Unicode>Wein</Unicode>
          </TextEquiv>
        </Word>
        <Word id="region0001_line0051_word0005" custom="readingOrder {index:5;}">
          <Coords points="732,2728 791,2728 791,2705 732,2705"/>
          <TextEquiv conf="0.9314251">
            <Unicode>und</Unicode>
          </TextEquiv>
        </Word>
        <TextEquiv conf="0.9245014">
          <Unicode>beeren, gießt eine Kanne Wein und</Unicode>
        </TextEquiv>
      </TextLine>
      <TextEquiv>
        <Unicode>Ebendieſelbe auf andere
Art. Man nimmt auf ſieben bis
acht Perſonen ein halbes Maas Erd⸗
beeren, gießt eine Kanne Wein und</Unicode>
      </TextEquiv>
    </TextRegion>
    <TextRegion orientation="0.100059934" readingDirection="left-to-right" id="TextRegion_1671016737817_1369" custom="readingOrder {index:11;}">
      <Coords points="820,523 1474,523 1474,1187 820,1187"/>
      <TextLine id="region0003_line0001" custom="readingOrder {index:0;}">
        <Coords points="834,524 831,529 820,529 820,569 910,568 924,571 930,567 1000,566 1017,570 1022,567 1044,565 1047,556 1057,554 1061,558 1062,566 1090,567 1110,573 1124,567 1133,570 1215,570 1245,567 1288,569 1297,573 1338,573 1343,576 1451,574 1455,577 1473,577 1473,537 1444,536 1438,527 1427,527 1420,535 1388,531 1363,533 1351,525 1331,529 1265,531 1204,529 1184,527 1180,524 1151,527 1149,523 981,524 977,529 950,529 948,524 898,524 896,529 862,529 860,524"/>
        <Baseline points="1034,553 1473,567"/>
        <Word id="region0003_line0001_word0000" custom="readingOrder {index:0;}">
          <Coords points="826,533 894,533 894,566 826,566"/>
          <TextEquiv conf="0.92938906">
            <Unicode>eben</Unicode>
          </TextEquiv>
        </Word>
        <Word id="region0003_line0001_word0001" custom="readingOrder {index:1;}">
          <Coords points="944,534 916,534 916,569 924,571 930,567 944,566"/>
          <TextEquiv conf="0.927784">
            <Unicode>ſo</Unicode>
          </TextEquiv>
        </Word>
        <Word id="region0003_line0001_word0002" custom="readingOrder {index:2;}">
          <Coords points="1021,567 1021,535 964,535 964,566 1000,566 1004,567"/>
          <TextEquiv conf="0.92408097">
            <Unicode>viel</Unicode>
          </TextEquiv>
        </Word>
        <Word id="region0003_line0001_word0003" custom="readingOrder {index:3;}">
          <Coords points="1154,534 1042,535 1042,565 1044,565 1047,556 1057,554 1061,558 1062,566 1090,567 1110,573 1124,567 1133,570 1154,570"/>
          <TextEquiv conf="0.92917496">
            <Unicode>Waſſer</Unicode>
          </TextEquiv>
        </Word>
        <Word id="region0003_line0001_word0004" custom="readingOrder {index:4;}">
          <Coords points="1285,568 1285,536 1174,536 1174,568 1235,568 1245,567 1266,568"/>
          <TextEquiv conf="0.9174172">
            <Unicode>daran,</Unicode>
          </TextEquiv>
        </Word>
        <Word id="region0003_line0001_word0005" custom="readingOrder {index:5;}">
          <Coords points="1324,532 1324,567 1391,567 1391,532 1375,532 1363,533 1361,532"/>
          <TextEquiv conf="0.9209755">
            <Unicode>thut</Unicode>
          </TextEquiv>
        </Word>
        <Word id="region0003_line0001_word0006" custom="readingOrder {index:6;}">
          <Coords points="1422,532 1420,535 1412,534 1412,565 1458,565 1458,536 1444,536 1441,532"/>
          <TextEquiv conf="0.92366767">
            <Unicode>ein</Unicode>
          </TextEquiv>
        </Word>
        <TextEquiv conf="0.9246414">
          <Unicode>eben ſo viel Waſſer daran, thut ein</Unicode>
        </TextEquiv>
      </TextLine>
      <TextLine id="region0003_line0002" custom="readingOrder {index:1;}">
        <Coords points="1057,555 1047,557 1047,564 1044,566 1022,568 1017,571 1000,567 948,567 930,568 924,572 904,569 885,572 820,573 820,612 895,610 906,613 925,610 931,615 985,612 1044,614 1053,605 1068,616 1221,608 1256,615 1339,611 1391,614 1400,618 1435,620 1444,624 1473,621 1473,579 1455,578 1451,575 1413,579 1362,575 1343,577 1298,575 1288,570 1245,568 1186,574 1133,571 1124,568 1110,574 1090,568 1062,567"/>
        <Baseline points="820,603 1246,601 1473,611"/>
        <Word id="region0003_line0002_word0000" custom="readingOrder {index:0;}">
          <Coords points="825,602 913,602 913,570 904,569 885,572 825,572"/>
          <TextEquiv conf="0.92496186">
            <Unicode>gutes</Unicode>
          </TextEquiv>
        </Word>
        <Word id="region0003_line0002_word0001" custom="readingOrder {index:1;}">
          <Coords points="937,599 1030,599 1030,567 1022,568 1017,571 1000,567 948,567 937,567"/>
          <TextEquiv>
            <Unicode>Stuͤck</Unicode>
          </TextEquiv>
        </Word>
        <Word id="region0003_line0002_word0002" custom="readingOrder {index:2;}">
          <Coords points="1054,566 1054,601 1156,600 1156,572 1133,571 1124,568 1110,574 1090,568 1062,567 1061,565"/>
          <TextEquiv>
            <Unicode>Zukker</Unicode>
          </TextEquiv>
        </Word>
        <Word id="region0003_line0002_word0003" custom="readingOrder {index:3;}">
          <Coords points="1179,595 1236,595 1236,568 1186,574 1179,573"/>
          <TextEquiv conf="0.92686003">
            <Unicode>und</Unicode>
          </TextEquiv>
        </Word>
        <Word id="region0003_line0002_word0004" custom="readingOrder {index:4;}">
          <Coords points="1254,598 1364,598 1364,575 1362,575 1343,577 1298,575 1288,570 1254,568"/>
          <TextEquiv>
            <Unicode>Zimmt</Unicode>
          </TextEquiv>
        </Word>
        <Word id="region0003_line0002_word0005" custom="readingOrder {index:5;}">
          <Coords points="1385,603 1458,603 1458,578 1455,578 1451,575 1413,579 1385,576"/>
          <TextEquiv conf="0.9229892">
            <Unicode>nach</Unicode>
          </TextEquiv>
        </Word>
        <TextEquiv>
          <Unicode>gutes Stuͤck Zukker und Zimmt nach</Unicode>
        </TextEquiv>
      </TextLine>
      <TextLine id="region0003_line0003" custom="readingOrder {index:2;}">
        <Coords points="1053,606 1044,616 997,613 931,616 925,611 914,611 904,615 895,611 820,613 820,656 852,656 858,653 872,656 913,656 919,653 933,656 996,654 1035,660 1042,655 1067,654 1097,658 1113,653 1119,656 1209,657 1228,661 1236,654 1246,654 1250,657 1294,654 1300,657 1321,657 1331,662 1342,656 1364,659 1419,657 1427,653 1430,655 1429,664 1434,666 1446,662 1473,662 1473,622 1444,625 1435,621 1407,621 1391,615 1339,612 1330,612 1322,617 1256,616 1221,609 1068,617"/>
        <Baseline points="820,647 1473,652"/>
        <Word id="region0003_line0003_word0000" custom="readingOrder {index:0;}">
          <Coords points="825,616 966,616 966,650 825,650"/>
          <TextEquiv conf="0.92997015">
            <Unicode>Belieben</Unicode>
          </TextEquiv>
        </Word>
        <Word id="region0003_line0003_word0001" custom="readingOrder {index:1;}">
          <Coords points="1079,654 1079,616 1068,617 1053,606 1044,616 997,613 989,613 989,654 996,654 1067,654"/>
          <TextEquiv conf="0.9203206">
            <Unicode>dazu,</Unicode>
          </TextEquiv>
        </Word>
        <Word id="region0003_line0003_word0002" custom="readingOrder {index:2;}">
          <Coords points="1110,616 1167,616 1167,645 1110,645"/>
          <TextEquiv conf="0.92998594">
            <Unicode>und</Unicode>
          </TextEquiv>
        </Word>
        <Word id="region0003_line0003_word0003" custom="readingOrder {index:3;}">
          <Coords points="1193,611 1193,653 1256,653 1256,616 1231,611"/>
          <TextEquiv>
            <Unicode>laͤßt</Unicode>
          </TextEquiv>
        </Word>
        <Word id="region0003_line0003_word0004" custom="readingOrder {index:4;}">
          <Coords points="1274,621 1305,621 1305,647 1274,647"/>
          <TextEquiv conf="0.9154776">
            <Unicode>es</Unicode>
          </TextEquiv>
        </Word>
        <Word id="region0003_line0003_word0005" custom="readingOrder {index:5;}">
          <Coords points="1327,615 1355,615 1355,653 1327,653"/>
          <TextEquiv conf="0.92823">
            <Unicode>ſo</Unicode>
          </TextEquiv>
        </Word>
        <Word id="region0003_line0003_word0006" custom="readingOrder {index:6;}">
          <Coords points="1372,615 1372,653 1427,653 1459,653 1459,623 1444,625 1435,621 1407,621 1391,615"/>
          <TextEquiv conf="0.92823">
            <Unicode>lange</Unicode>
          </TextEquiv>
        </Word>
        <TextEquiv>
          <Unicode>Belieben dazu, und laͤßt es ſo lange</Unicode>
        </TextEquiv>
      </TextLine>
      <TextLine id="region0003_line0004" custom="readingOrder {index:3;}">
        <Coords points="858,654 851,659 820,659 820,696 847,696 854,700 982,696 1060,700 1103,696 1111,699 1159,702 1172,697 1190,696 1196,700 1275,699 1289,703 1310,699 1350,698 1400,704 1430,704 1443,700 1450,700 1456,704 1473,704 1473,663 1446,663 1434,667 1428,664 1427,654 1419,658 1340,659 1331,663 1323,660 1301,661 1297,656 1288,655 1281,656 1272,663 1251,660 1246,655 1236,655 1227,662 1219,659 1145,659 1119,657 1113,654 1097,659 1067,655 1042,656 1035,661 1026,661 996,655 966,659 935,659 927,654 919,654 911,659 901,659"/>
        <Baseline points="820,688 1473,693"/>
        <Word id="region0003_line0004_word0000" custom="readingOrder {index:0;}">
          <Coords points="825,661 880,661 880,693 825,693"/>
          <TextEquiv conf="0.92584175">
            <Unicode>mit</Unicode>
          </TextEquiv>
        </Word>
        <Word id="region0003_line0004_word0001" custom="readingOrder {index:1;}">
          <Coords points="902,661 1036,661 1036,694 902,694"/>
          <TextEquiv conf="0.93090254">
            <Unicode>einander</Unicode>
          </TextEquiv>
        </Word>
        <Word id="region0003_line0004_word0002" custom="readingOrder {index:2;}">
          <Coords points="1175,660 1060,661 1060,698 1084,698 1103,696 1107,698 1172,697 1172,697 1175,697"/>
          <TextEquiv conf="0.44030517">
            <Unicode>kochen,</Unicode>
          </TextEquiv>
        </Word>
        <Word id="region0003_line0004_word0003" custom="readingOrder {index:3;}">
          <Coords points="1213,659 1213,691 1261,691 1261,661 1251,660 1250,659 1230,659 1227,662 1219,659"/>
          <TextEquiv conf="0.8812082">
            <Unicode>als</Unicode>
          </TextEquiv>
        </Word>
        <Word id="region0003_line0004_word0004" custom="readingOrder {index:4;}">
          <Coords points="1285,660 1285,695 1365,695 1365,660 1337,660 1331,663 1323,660 1301,661 1300,660"/>
          <TextEquiv conf="0.9194682">
            <Unicode>harte</Unicode>
          </TextEquiv>
        </Word>
        <Word id="region0003_line0004_word0005" custom="readingOrder {index:5;}">
          <Coords points="1388,695 1459,695 1459,663 1446,663 1434,667 1428,664 1427,654 1419,658 1388,658"/>
          <TextEquiv conf="0.9263981">
            <Unicode>Eier</Unicode>
          </TextEquiv>
        </Word>
        <TextEquiv conf="0.837354">
          <Unicode>mit einander kochen, als harte Eier</Unicode>
        </TextEquiv>
      </TextLine>
      <TextLine id="region0003_line0005" custom="readingOrder {index:4;}">
        <Coords points="820,697 820,745 826,749 835,748 842,741 855,744 967,741 990,746 1012,741 1025,743 1030,740 1067,740 1083,741 1089,747 1097,748 1104,744 1186,738 1226,738 1232,741 1257,742 1373,740 1399,745 1420,743 1443,751 1473,748 1473,705 1456,705 1450,701 1430,705 1400,705 1338,699 1332,703 1289,704 1196,701 1190,697 1182,697 1159,703 1133,700 1112,702 1103,697 1093,697 1083,703 1023,703 1016,698 1003,700 982,697 944,698 938,704 909,704 874,703 870,700 855,703 847,697"/>
        <Baseline points="820,734 1226,728 1473,738"/>
        <Word id="region0003_line0005_word0000" custom="readingOrder {index:0;}">
          <Coords points="926,705 825,705 825,746 837,746 842,741 855,744 926,742"/>
          <TextEquiv conf="0.9278512">
            <Unicode>ſieden.</Unicode>
          </TextEquiv>
        </Word>
        <Word id="region0003_line0005_word0001" custom="readingOrder {index:1;}">
          <Coords points="1103,705 972,705 972,742 990,746 1012,741 1025,743 1030,740 1067,740 1083,741 1088,746 1100,746 1103,744"/>
          <TextEquiv conf="0.9300275">
            <Unicode>Hierauf</Unicode>
          </TextEquiv>
        </Word>
        <Word id="region0003_line0005_word0002" custom="readingOrder {index:2;}">
          <Coords points="1122,704 1209,704 1209,738 1122,738"/>
          <TextEquiv conf="0.92804825">
            <Unicode>treibt</Unicode>
          </TextEquiv>
        </Word>
        <Word id="region0003_line0005_word0003" custom="readingOrder {index:3;}">
          <Coords points="1229,713 1299,713 1299,736 1229,736"/>
          <TextEquiv conf="0.92862755">
            <Unicode>man</Unicode>
          </TextEquiv>
        </Word>
        <Word id="region0003_line0005_word0004" custom="readingOrder {index:4;}">
          <Coords points="1319,708 1350,708 1350,735 1319,735"/>
          <TextEquiv conf="0.92862755">
            <Unicode>es</Unicode>
          </TextEquiv>
        </Word>
        <Word id="region0003_line0005_word0005" custom="readingOrder {index:5;}">
          <Coords points="1371,705 1371,740 1373,740 1393,744 1409,744 1420,743 1422,744 1458,744 1458,705 1456,705 1430,705 1400,705"/>
          <TextEquiv conf="0.9285804">
            <Unicode>durch</Unicode>
          </TextEquiv>
        </Word>
        <TextEquiv conf="0.9286271">
          <Unicode>ſieden. Hierauf treibt man es durch</Unicode>
        </TextEquiv>
      </TextLine>
      <TextLine id="region0003_line0006" custom="readingOrder {index:5;}">
        <Coords points="1186,739 1142,741 1132,746 1103,746 1097,749 1089,748 1083,742 1067,741 1030,741 1025,744 1012,742 990,747 967,742 905,742 898,748 859,748 852,743 842,742 835,749 820,748 821,789 890,786 910,790 940,790 949,786 962,786 970,790 1028,786 1034,791 1097,789 1104,793 1117,792 1122,786 1127,786 1133,791 1150,785 1158,788 1197,786 1209,790 1219,786 1249,787 1263,783 1287,782 1323,783 1330,787 1360,788 1369,792 1408,784 1422,787 1428,783 1443,784 1447,787 1474,787 1473,752 1443,752 1420,744 1402,747 1380,745 1373,741 1356,742 1352,745 1313,746 1289,742 1257,745 1234,743 1226,739"/>
        <Baseline points="820,778 1473,777"/>
        <Word id="region0003_line0006_word0000" custom="readingOrder {index:0;}">
          <Coords points="826,751 905,751 906,784 827,784"/>
          <TextEquiv conf="0.92767364">
            <Unicode>einen</Unicode>
          </TextEquiv>
        </Word>
        <Word id="region0003_line0006_word0001" custom="readingOrder {index:1;}">
          <Coords points="926,749 927,790 940,790 949,786 962,786 970,790 973,790 1028,786 1032,790 1089,789 1097,789 1097,789 1119,789 1122,786 1127,786 1131,789 1139,789 1142,788 1141,748 1099,748 1097,749 1091,748"/>
          <TextEquiv conf="0.92199606">
            <Unicode>Durchſchlag,</Unicode>
          </TextEquiv>
        </Word>
        <Word id="region0003_line0006_word0002" custom="readingOrder {index:2;}">
          <Coords points="1232,747 1169,747 1170,787 1177,787 1197,786 1200,787 1216,787 1219,786 1232,786"/>
          <TextEquiv conf="0.9280611">
            <Unicode>laͤßt</Unicode>
          </TextEquiv>
        </Word>
        <Word id="region0003_line0006_word0003" custom="readingOrder {index:3;}">
          <Coords points="1256,753 1288,753 1289,782 1257,782"/>
          <TextEquiv conf="0.9305856">
            <Unicode>es</Unicode>
          </TextEquiv>
        </Word>
        <Word id="region0003_line0006_word0004" custom="readingOrder {index:4;}">
          <Coords points="1379,787 1378,749 1310,749 1310,782 1323,783 1330,787"/>
          <TextEquiv conf="0.92580354">
            <Unicode>noch</Unicode>
          </TextEquiv>
        </Word>
        <Word id="region0003_line0006_word0005" custom="readingOrder {index:5;}">
          <Coords points="1395,751 1396,781 1459,781 1458,752 1443,752 1440,751"/>
          <TextEquiv>
            <Unicode>ein⸗</Unicode>
          </TextEquiv>
        </Word>
        <TextEquiv>
          <Unicode>einen Durchſchlag, laͤßt es noch ein⸗</Unicode>
        </TextEquiv>
      </TextLine>
      <TextLine id="region0003_line0007" custom="readingOrder {index:6;}">
        <Coords points="1287,783 1263,784 1235,791 1203,791 1197,787 1189,790 1158,789 1154,786 1134,792 1122,787 1117,793 1062,793 1049,790 1034,792 1028,787 995,788 975,792 969,792 962,787 949,787 939,792 890,787 854,792 821,792 821,831 883,834 891,830 941,830 951,836 958,833 1015,833 1031,829 1061,829 1083,834 1102,834 1111,828 1122,831 1374,828 1414,832 1474,831 1474,795 1448,795 1447,788 1443,785 1428,784 1422,788 1408,785 1395,791 1369,793 1331,790 1323,784"/>
        <Baseline points="821,822 1474,821"/>
        <Word id="region0003_line0007_word0000" custom="readingOrder {index:0;}">
          <Coords points="825,793 888,793 888,826 825,826"/>
          <TextEquiv conf="0.91812396">
            <Unicode>mal</Unicode>
          </TextEquiv>
        </Word>
        <Word id="region0003_line0007_word0001" custom="readingOrder {index:1;}">
          <Coords points="904,791 904,830 941,830 942,831 1023,831 1031,829 1061,829 1069,831 1082,831 1082,793 1062,793 1053,791 1041,791 1034,792 1032,791 980,791 975,792 969,792 967,791 941,791 939,792 929,791"/>
          <TextEquiv conf="0.92405874">
            <Unicode>auſwallen,</Unicode>
          </TextEquiv>
        </Word>
        <Word id="region0003_line0007_word0002" custom="readingOrder {index:2;}">
          <Coords points="1118,792 1117,793 1105,793 1105,825 1201,824 1201,791 1135,792 1134,792 1133,792"/>
          <TextEquiv conf="0.91999793">
            <Unicode>richtet</Unicode>
          </TextEquiv>
        </Word>
        <Word id="region0003_line0007_word0003" custom="readingOrder {index:3;}">
          <Coords points="1226,796 1258,796 1258,825 1226,825"/>
          <TextEquiv conf="0.9322722">
            <Unicode>es</Unicode>
          </TextEquiv>
        </Word>
        <Word id="region0003_line0007_word0004" custom="readingOrder {index:4;}">
          <Coords points="1280,790 1280,824 1347,824 1347,791 1331,790"/>
          <TextEquiv conf="0.9279379">
            <Unicode>uͤber</Unicode>
          </TextEquiv>
        </Word>
        <Word id="region0003_line0007_word0005" custom="readingOrder {index:5;}">
          <Coords points="1399,789 1395,791 1369,793 1368,792 1368,826 1458,826 1458,795 1448,795 1447,789"/>
          <TextEquiv>
            <Unicode>gebaͤ⸗</Unicode>
          </TextEquiv>
        </Word>
        <TextEquiv>
          <Unicode>mal auſwallen, richtet es uͤber gebaͤ⸗</Unicode>
        </TextEquiv>
      </TextLine>
      <TextLine id="region0003_line0008" custom="readingOrder {index:7;}">
        <Coords points="1031,830 1020,835 954,837 941,831 891,831 882,836 857,836 837,831 822,831 821,877 836,880 844,876 883,874 908,878 921,876 926,880 948,880 991,877 1006,873 1030,873 1046,878 1053,878 1059,874 1073,877 1200,874 1255,876 1262,880 1273,873 1337,873 1365,875 1370,878 1378,878 1386,873 1435,876 1474,874 1474,837 1398,835 1389,829 1374,829 1367,833 1336,830 1322,834 1275,835 1177,834 1168,830 1145,833 1122,832 1115,829 1107,830 1101,836 1084,836 1081,833 1071,834 1061,830"/>
        <Baseline points="821,867 1474,864"/>
        <Word id="region0003_line0008_word0000" custom="readingOrder {index:0;}">
          <Coords points="887,839 825,839 825,876 844,876 883,874 887,874"/>
          <TextEquiv>
            <Unicode>hete</Unicode>
          </TextEquiv>
        </Word>
        <Word id="region0003_line0008_word0001" custom="readingOrder {index:1;}">
          <Coords points="905,838 1210,837 1210,872 905,873"/>
          <TextEquiv>
            <Unicode>Semmelſchnittchen</Unicode>
          </TextEquiv>
        </Word>
        <Word id="region0003_line0008_word0002" custom="readingOrder {index:2;}">
          <Coords points="1274,845 1226,845 1226,874 1255,876 1268,876 1273,873 1274,873"/>
          <TextEquiv conf="0.93095946">
            <Unicode>an,</Unicode>
          </TextEquiv>
        </Word>
        <Word id="region0003_line0008_word0003" custom="readingOrder {index:3;}">
          <Coords points="1299,839 1356,839 1356,868 1299,868"/>
          <TextEquiv conf="0.92927164">
            <Unicode>und</Unicode>
          </TextEquiv>
        </Word>
        <Word id="region0003_line0008_word0004" custom="readingOrder {index:4;}">
          <Coords points="1459,838 1372,838 1372,876 1381,876 1386,873 1435,876 1459,874"/>
          <TextEquiv>
            <Unicode>ſtreu⸗</Unicode>
          </TextEquiv>
        </Word>
        <TextEquiv>
          <Unicode>hete Semmelſchnittchen an, und ſtreu⸗</Unicode>
        </TextEquiv>
      </TextLine>
      <TextLine id="region0003_line0009" custom="readingOrder {index:8;}">
        <Coords points="1006,874 995,875 990,881 926,881 921,877 908,879 883,875 844,877 836,881 821,879 821,921 862,922 868,918 954,919 959,914 964,914 969,923 981,919 996,919 1027,926 1058,918 1124,919 1130,916 1145,916 1208,921 1262,919 1267,923 1284,920 1300,922 1315,917 1347,919 1354,916 1373,919 1423,916 1474,918 1474,882 1454,879 1395,874 1386,874 1378,879 1343,878 1337,874 1329,874 1322,878 1305,878 1299,874 1273,874 1262,881 1212,880 1200,875 1153,875 1118,880 1082,880 1059,875 1052,880 1039,880 1030,874"/>
        <Baseline points="821,910 1474,908"/>
        <Word id="region0003_line0009_word0000" custom="readingOrder {index:0;}">
          <Coords points="826,888 854,888 854,916 826,916"/>
          <TextEquiv conf="0.9329523">
            <Unicode>et</Unicode>
          </TextEquiv>
        </Word>
        <Word id="region0003_line0009_word0001" custom="readingOrder {index:1;}">
          <Coords points="869,883 941,883 941,917 869,917"/>
          <TextEquiv conf="0.9201184">
            <Unicode>klein</Unicode>
          </TextEquiv>
        </Word>
        <Word id="region0003_line0009_word0002" custom="readingOrder {index:2;}">
          <Coords points="1144,880 990,881 990,881 960,881 960,914 964,914 969,923 969,923 981,919 996,919 1012,923 1040,923 1058,918 1124,919 1130,916 1144,916"/>
          <TextEquiv conf="0.6091859">
            <Unicode>geſchnittene</Unicode>
          </TextEquiv>
        </Word>
        <Word id="region0003_line0009_word0003" custom="readingOrder {index:3;}">
          <Coords points="1162,881 1162,917 1195,920 1235,920 1262,919 1263,920 1284,920 1306,920 1315,917 1347,919 1354,916 1372,918 1372,881 1262,881"/>
          <TextEquiv conf="0.9312877">
            <Unicode>Citronſchalen</Unicode>
          </TextEquiv>
        </Word>
        <Word id="region0003_line0009_word0004" custom="readingOrder {index:4;}">
          <Coords points="1389,883 1457,883 1457,912 1389,912"/>
          <TextEquiv>
            <Unicode>dar⸗</Unicode>
          </TextEquiv>
        </Word>
        <TextEquiv>
          <Unicode>et klein geſchnittene Citronſchalen dar⸗</Unicode>
        </TextEquiv>
      </TextLine>
      <TextLine id="region0003_line0010" custom="readingOrder {index:9;}">
        <Coords points="959,915 954,920 868,919 861,925 821,925 821,965 864,966 872,971 885,967 946,967 955,963 968,966 1002,962 1066,963 1077,964 1083,968 1117,968 1130,965 1168,966 1174,963 1271,965 1337,961 1346,961 1352,967 1374,961 1423,964 1428,967 1447,963 1474,964 1474,921 1441,921 1436,917 1423,917 1414,922 1382,924 1375,924 1374,920 1362,917 1350,918 1344,922 1315,918 1300,923 1284,921 1273,924 1267,924 1262,920 1211,924 1205,920 1145,917 1130,917 1124,920 1058,919 1027,927 996,920 981,920 969,924 964,915"/>
        <Baseline points="821,955 1474,954"/>
        <Word id="region0003_line0010_word0000" custom="readingOrder {index:0;}">
          <Coords points="890,926 828,926 828,965 864,966 867,968 881,968 885,967 890,967"/>
          <TextEquiv conf="0.9256325">
            <Unicode>auf.</Unicode>
          </TextEquiv>
        </Word>
        <Word id="region0003_line0010_word0001" custom="readingOrder {index:1;}">
          <Coords points="960,919 960,961 1027,961 1027,927 996,920 981,920 969,924 966,919"/>
          <TextEquiv conf="0.9273812">
            <Unicode>Den</Unicode>
          </TextEquiv>
        </Word>
        <Word id="region0003_line0010_word0002" custom="readingOrder {index:2;}">
          <Coords points="1274,924 1068,925 1068,963 1077,964 1082,967 1118,967 1130,965 1168,966 1174,963 1271,965 1274,964"/>
          <TextEquiv>
            <Unicode>Schuͤſſelrand</Unicode>
          </TextEquiv>
        </Word>
        <Word id="region0003_line0010_word0003" custom="readingOrder {index:3;}">
          <Coords points="1458,926 1314,926 1314,962 1337,961 1346,961 1349,964 1363,964 1374,961 1423,964 1442,964 1447,963 1458,963"/>
          <TextEquiv>
            <Unicode>beſtreicht</Unicode>
          </TextEquiv>
        </Word>
        <TextEquiv>
          <Unicode>auf. Den Schuͤſſelrand beſtreicht</Unicode>
        </TextEquiv>
      </TextLine>
      <TextLine id="region0003_line0011" custom="readingOrder {index:10;}">
        <Coords points="1002,963 968,967 955,964 939,969 884,969 878,972 866,969 821,969 821,1008 880,1009 886,1006 934,1006 938,1009 996,1015 1021,1012 1034,1007 1046,1007 1050,1010 1063,1007 1075,1010 1122,1008 1143,1010 1153,1014 1164,1014 1174,1010 1203,1011 1210,1007 1240,1010 1256,1006 1366,1008 1372,1012 1407,1004 1428,1004 1437,1008 1474,1008 1474,965 1447,964 1434,968 1398,968 1393,962 1374,962 1367,966 1352,968 1346,962 1337,962 1330,965 1293,964 1286,967 1221,970 1185,969 1180,964 1168,967 1162,965 1117,969 1083,969 1077,965 1066,964"/>
        <Baseline points="821,999 1474,998"/>
        <Word id="region0003_line0011_word0000" custom="readingOrder {index:0;}">
          <Coords points="828,979 898,979 898,1003 828,1003"/>
          <TextEquiv conf="0.93111145">
            <Unicode>man</Unicode>
          </TextEquiv>
        </Word>
        <Word id="region0003_line0011_word0001" custom="readingOrder {index:1;}">
          <Coords points="920,972 976,972 976,1004 920,1004"/>
          <TextEquiv conf="0.92946535">
            <Unicode>mit</Unicode>
          </TextEquiv>
        </Word>
        <Word id="region0003_line0011_word0002" custom="readingOrder {index:2;}">
          <Coords points="1219,971 994,972 994,1013 1013,1012 1021,1012 1034,1007 1046,1007 1050,1010 1063,1007 1075,1010 1122,1008 1143,1010 1148,1012 1168,1012 1174,1010 1203,1011 1210,1007 1219,1007"/>
          <TextEquiv conf="0.9290047">
            <Unicode>Zukkerwaſſer,</Unicode>
          </TextEquiv>
        </Word>
        <Word id="region0003_line0011_word0003" custom="readingOrder {index:3;}">
          <Coords points="1255,974 1313,974 1313,1002 1255,1002"/>
          <TextEquiv conf="0.9237954">
            <Unicode>und</Unicode>
          </TextEquiv>
        </Word>
        <Word id="region0003_line0011_word0004" custom="readingOrder {index:4;}">
          <Coords points="1460,971 1337,971 1337,1007 1366,1008 1367,1009 1385,1009 1407,1004 1428,1004 1437,1008 1460,1008"/>
          <TextEquiv conf="0.2412706">
            <Unicode>beſtreut</Unicode>
          </TextEquiv>
        </Word>
        <TextEquiv conf="0.7909295">
          <Unicode>man mit Zukkerwaſſer, und beſtreut</Unicode>
        </TextEquiv>
      </TextLine>
      <TextLine id="region0003_line0012" custom="readingOrder {index:11;}">
        <Coords points="1407,1005 1380,1013 1327,1012 1304,1007 1256,1007 1240,1011 1210,1008 1203,1012 1172,1012 1164,1015 1075,1011 1069,1008 1057,1011 1034,1008 1004,1016 939,1011 934,1007 886,1007 877,1012 825,1008 821,1009 821,1052 877,1053 882,1058 924,1050 971,1053 981,1049 996,1052 1033,1052 1067,1048 1106,1049 1118,1051 1146,1048 1151,1052 1239,1049 1287,1051 1298,1055 1309,1050 1474,1054 1474,1011 1439,1010 1428,1005"/>
        <Baseline points="821,1042 1474,1044"/>
        <Word id="region0003_line0012_word0000" custom="readingOrder {index:0;}">
          <Coords points="974,1015 828,1015 828,1052 877,1053 880,1056 892,1056 924,1050 971,1053 974,1051"/>
          <TextEquiv conf="0.9200445">
            <Unicode>denſelben</Unicode>
          </TextEquiv>
        </Word>
        <Word id="region0003_line0012_word0001" custom="readingOrder {index:1;}">
          <Coords points="1013,1015 1140,1014 1140,1045 1013,1046"/>
          <TextEquiv>
            <Unicode>alsdann</Unicode>
          </TextEquiv>
        </Word>
        <Word id="region0003_line0012_word0002" custom="readingOrder {index:2;}">
          <Coords points="1177,1015 1232,1015 1232,1046 1177,1046"/>
          <TextEquiv conf="0.93096864">
            <Unicode>mit</Unicode>
          </TextEquiv>
        </Word>
        <Word id="region0003_line0012_word0003" custom="readingOrder {index:3;}">
          <Coords points="1262,1012 1262,1049 1287,1051 1292,1053 1302,1053 1309,1050 1432,1053 1460,1053 1460,1012 1383,1012 1380,1013 1327,1012"/>
          <TextEquiv conf="0.9121943">
            <Unicode>Streuzukker</Unicode>
          </TextEquiv>
        </Word>
        <TextEquiv>
          <Unicode>denſelben alsdann mit Streuzukker</Unicode>
        </TextEquiv>
      </TextLine>
      <TextLine id="region0003_line0013" custom="readingOrder {index:12;}">
        <Coords points="1067,1049 1020,1055 997,1055 990,1050 981,1050 970,1055 950,1051 924,1051 898,1055 891,1059 821,1055 820,1094 841,1093 856,1097 903,1097 919,1093 933,1096 1006,1097 1071,1094 1079,1099 1085,1095 1100,1097 1108,1092 1120,1095 1209,1093 1217,1096 1223,1093 1238,1093 1242,1096 1262,1095 1266,1098 1299,1097 1309,1101 1319,1097 1369,1099 1384,1096 1409,1101 1420,1097 1431,1101 1437,1094 1473,1097 1474,1088 1474,1056 1396,1056 1389,1051 1369,1054 1358,1051 1309,1051 1298,1056 1287,1052 1239,1050 1204,1050 1189,1055 1151,1053 1146,1049 1121,1053 1106,1050"/>
        <Baseline points="820,1085 1474,1087"/>
        <Word id="region0003_line0013_word0000" custom="readingOrder {index:0;}">
          <Coords points="828,1066 884,1066 884,1090 828,1090"/>
          <TextEquiv conf="0.92484367">
            <Unicode>von</Unicode>
          </TextEquiv>
        </Word>
        <Word id="region0003_line0013_word0001" custom="readingOrder {index:1;}">
          <Coords points="907,1059 1054,1059 1054,1092 907,1092"/>
          <TextEquiv conf="0.9271578">
            <Unicode>allerhand</Unicode>
          </TextEquiv>
        </Word>
        <Word id="region0003_line0013_word0002" custom="readingOrder {index:2;}">
          <Coords points="1196,1057 1074,1058 1074,1096 1079,1099 1079,1099 1085,1095 1100,1097 1108,1092 1120,1095 1196,1093"/>
          <TextEquiv conf="0.9250402">
            <Unicode>Farben.</Unicode>
          </TextEquiv>
        </Word>
        <Word id="region0003_line0013_word0003" custom="readingOrder {index:3;}">
          <Coords points="1329,1059 1244,1059 1244,1095 1262,1095 1266,1098 1299,1097 1301,1098 1316,1098 1319,1097 1329,1097"/>
          <TextEquiv conf="0.92512023">
            <Unicode>Dieſe</Unicode>
          </TextEquiv>
        </Word>
        <Word id="region0003_line0013_word0004" custom="readingOrder {index:4;}">
          <Coords points="1461,1059 1346,1059 1346,1097 1379,1097 1384,1096 1389,1097 1420,1097 1434,1097 1437,1094 1461,1096"/>
          <TextEquiv conf="0.92654246">
            <Unicode>Suppe</Unicode>
          </TextEquiv>
        </Word>
        <TextEquiv conf="0.9257409">
          <Unicode>von allerhand Farben. Dieſe Suppe</Unicode>
        </TextEquiv>
      </TextLine>
      <TextLine id="region0003_line0014" custom="readingOrder {index:13;}">
        <Coords points="833,1094 820,1095 820,1141 834,1144 848,1141 893,1141 907,1137 916,1141 930,1141 936,1137 953,1137 957,1140 1052,1140 1056,1145 1062,1146 1069,1145 1074,1140 1102,1140 1112,1144 1123,1138 1170,1140 1192,1137 1256,1140 1265,1135 1305,1135 1308,1138 1360,1136 1365,1139 1473,1137 1473,1103 1451,1101 1444,1095 1437,1095 1431,1102 1420,1098 1409,1102 1392,1097 1369,1100 1317,1099 1309,1102 1301,1099 1266,1099 1262,1096 1242,1097 1238,1094 1223,1094 1217,1097 1209,1094 1161,1094 1136,1098 1108,1093 1100,1098 1085,1096 1081,1100 1071,1095 1061,1095 1055,1099 1016,1097 996,1100 934,1100 930,1095 919,1094 911,1099 850,1100 844,1095"/>
        <Baseline points="820,1131 1473,1129"/>
        <Word id="region0003_line0014_word0000" custom="readingOrder {index:0;}">
          <Coords points="830,1101 881,1101 881,1139 830,1139"/>
          <TextEquiv conf="0.93193126">
            <Unicode>hat</Unicode>
          </TextEquiv>
        </Word>
        <Word id="region0003_line0014_word0001" custom="readingOrder {index:1;}">
          <Coords points="902,1101 947,1101 947,1134 902,1134"/>
          <TextEquiv conf="0.9326437">
            <Unicode>ein</Unicode>
          </TextEquiv>
        </Word>
        <Word id="region0003_line0014_word0002" custom="readingOrder {index:2;}">
          <Coords points="1157,1101 961,1102 961,1140 1052,1140 1052,1141 1074,1140 1074,1140 1102,1140 1103,1140 1119,1140 1123,1138 1157,1139"/>
          <TextEquiv conf="0.5216725">
            <Unicode>vortrefliches</Unicode>
          </TextEquiv>
        </Word>
        <Word id="region0003_line0014_word0003" custom="readingOrder {index:3;}">
          <Coords points="1173,1102 1173,1137 1192,1137 1261,1137 1265,1135 1305,1135 1307,1137 1320,1137 1320,1102 1309,1102"/>
          <TextEquiv conf="0.8381918">
            <Unicode>Anſehen,</Unicode>
          </TextEquiv>
        </Word>
        <Word id="region0003_line0014_word0004" custom="readingOrder {index:4;}">
          <Coords points="1344,1103 1402,1103 1402,1132 1344,1132"/>
          <TextEquiv conf="0.92967147">
            <Unicode>und</Unicode>
          </TextEquiv>
        </Word>
        <Word id="region0003_line0014_word0005" custom="readingOrder {index:5;}">
          <Coords points="1421,1101 1421,1132 1461,1132 1461,1101 1451,1101 1431,1101 1431,1102 1428,1101"/>
          <TextEquiv>
            <Unicode>ei⸗</Unicode>
          </TextEquiv>
        </Word>
        <TextEquiv>
          <Unicode>hat ein vortrefliches Anſehen, und ei⸗</Unicode>
        </TextEquiv>
      </TextLine>
      <TextLine id="region0003_line0015" custom="readingOrder {index:14;}">
        <Coords points="1265,1136 1255,1142 1209,1143 1196,1142 1192,1138 1179,1138 1168,1142 1120,1142 1112,1145 1085,1143 1064,1147 1056,1146 1052,1141 1040,1141 1037,1145 995,1143 991,1140 958,1144 953,1138 936,1138 928,1143 917,1143 907,1138 878,1144 820,1143 820,1184 900,1182 919,1183 935,1188 967,1183 1105,1184 1109,1187 1120,1188 1130,1183 1176,1183 1187,1187 1196,1183 1222,1180 1285,1179 1313,1181 1327,1187 1335,1187 1341,1183 1361,1186 1377,1182 1418,1184 1425,1181 1436,1181 1440,1185 1473,1185 1473,1138 1436,1137 1406,1142 1366,1142 1360,1137 1308,1139 1305,1136"/>
        <Baseline points="820,1174 1473,1175"/>
        <Word id="region0003_line0015_word0000" custom="readingOrder {index:0;}">
          <Coords points="828,1153 883,1153 883,1179 828,1179"/>
          <TextEquiv conf="0.9267597">
            <Unicode>nen</Unicode>
          </TextEquiv>
        </Word>
        <Word id="region0003_line0015_word0001" custom="readingOrder {index:1;}">
          <Coords points="901,1144 901,1182 919,1183 925,1185 954,1185 967,1183 1050,1183 1050,1144 1037,1144 1037,1145 1016,1144 958,1144"/>
          <TextEquiv conf="0.92581695">
            <Unicode>beſonders</Unicode>
          </TextEquiv>
        </Word>
        <Word id="region0003_line0015_word0002" custom="readingOrder {index:2;}">
          <Coords points="1261,1145 1069,1145 1067,1146 1067,1183 1105,1184 1106,1184 1126,1184 1130,1183 1176,1183 1179,1184 1192,1184 1196,1183 1222,1180 1261,1179"/>
          <TextEquiv conf="0.9186369">
            <Unicode>angenehmen</Unicode>
          </TextEquiv>
        </Word>
        <Word id="region0003_line0015_word0003" custom="readingOrder {index:3;}">
          <Coords points="1461,1184 1461,1144 1277,1144 1277,1179 1285,1179 1313,1181 1320,1184 1339,1184 1341,1183 1347,1184 1369,1184 1377,1182 1418,1184 1425,1181 1436,1181 1439,1184"/>
          <TextEquiv conf="0.9259707">
            <Unicode>Geſchmack.</Unicode>
          </TextEquiv>
        </Word>
        <TextEquiv conf="0.9242961">
          <Unicode>nen beſonders angenehmen Geſchmack.</Unicode>
        </TextEquiv>
      </TextLine>
      <TextEquiv>
        <Unicode>eben ſo viel Waſſer daran, thut ein
gutes Stuͤck Zukker und Zimmt nach
Belieben dazu, und laͤßt es ſo lange
mit einander kochen, als harte Eier
ſieden. Hierauf treibt man es durch
einen Durchſchlag, laͤßt es noch ein⸗
mal auſwallen, richtet es uͤber gebaͤ⸗
hete Semmelſchnittchen an, und ſtreu⸗
et klein geſchnittene Citronſchalen dar⸗
auf. Den Schuͤſſelrand beſtreicht
man mit Zukkerwaſſer, und beſtreut
denſelben alsdann mit Streuzukker
von allerhand Farben. Dieſe Suppe
hat ein vortrefliches Anſehen, und ei⸗
nen beſonders angenehmen Geſchmack.</Unicode>
      </TextEquiv>
    </TextRegion>
    <TextRegion orientation="0.100059934" readingDirection="left-to-right" id="TextRegion_1671016750198_1386" custom="readingOrder {index:12;}">
      <Coords points="820,1187 1474,1187 1474,1442 820,1442"/>
      <TextLine id="region0003_line0016" custom="readingOrder {index:0;}">
        <Coords points="1237,1180 1212,1182 1204,1187 1127,1186 1120,1189 1081,1186 997,1188 981,1184 948,1185 940,1189 900,1183 828,1185 823,1190 823,1214 838,1223 867,1224 879,1229 922,1229 961,1224 1035,1228 1090,1228 1095,1225 1122,1226 1138,1223 1195,1226 1210,1224 1220,1230 1344,1225 1425,1227 1438,1224 1446,1227 1473,1227 1473,1186 1440,1186 1436,1182 1425,1182 1417,1186 1340,1185 1327,1188 1307,1181"/>
        <Baseline points="823,1212 885,1219 1473,1217"/>
        <Word id="region0003_line0016_word0000" custom="readingOrder {index:0;}">
          <Coords points="873,1191 1191,1190 1191,1221 873,1222"/>
          <TextEquiv conf="0.9031334">
            <Unicode>Erdbeertorte.</Unicode>
          </TextEquiv>
        </Word>
        <Word id="region0003_line0016_word0001" custom="readingOrder {index:1;}">
          <Coords points="1252,1189 1333,1189 1333,1223 1252,1223"/>
          <TextEquiv conf="0.91517913">
            <Unicode>Man</Unicode>
          </TextEquiv>
        </Word>
        <Word id="region0003_line0016_word0002" custom="readingOrder {index:2;}">
          <Coords points="1357,1188 1460,1188 1460,1223 1357,1223"/>
          <TextEquiv conf="0.91517913">
            <Unicode>weicht</Unicode>
          </TextEquiv>
        </Word>
        <TextEquiv conf="0.91116387">
          <Unicode>Erdbeertorte. Man weicht</Unicode>
        </TextEquiv>
      </TextLine>
      <TextLine id="region0003_line0017" custom="readingOrder {index:1;}">
        <Coords points="820,1221 820,1270 840,1269 853,1272 882,1268 898,1271 1009,1269 1019,1272 1040,1272 1057,1269 1097,1269 1107,1272 1141,1269 1147,1273 1215,1270 1239,1275 1279,1271 1288,1267 1317,1267 1323,1270 1473,1270 1473,1230 1447,1230 1438,1225 1427,1226 1424,1229 1376,1226 1341,1230 1220,1231 1210,1225 1195,1227 1138,1224 1125,1225 1115,1231 1110,1231 1104,1226 1095,1226 1087,1232 1008,1232 994,1226 961,1225 933,1231 880,1232 873,1226"/>
        <Baseline points="820,1263 1473,1260"/>
        <Word id="region0003_line0017_word0000" custom="readingOrder {index:0;}">
          <Coords points="829,1228 829,1264 1066,1264 1066,1232 1008,1232 998,1228 947,1228 933,1231 880,1232 875,1228"/>
          <TextEquiv conf="0.92701644">
            <Unicode>Semmelkrume</Unicode>
          </TextEquiv>
        </Word>
        <Word id="region0003_line0017_word0001" custom="readingOrder {index:1;}">
          <Coords points="1095,1231 1095,1262 1124,1261 1124,1230 1116,1230 1115,1231 1110,1231 1109,1231"/>
          <TextEquiv conf="0.9158344">
            <Unicode>in</Unicode>
          </TextEquiv>
        </Word>
        <Word id="region0003_line0017_word0002" custom="readingOrder {index:2;}">
          <Coords points="1144,1228 1144,1266 1249,1266 1249,1230 1220,1231 1215,1228"/>
          <TextEquiv conf="0.9229409">
            <Unicode>Wein,</Unicode>
          </TextEquiv>
        </Word>
        <Word id="region0003_line0017_word0003" custom="readingOrder {index:3;}">
          <Coords points="1280,1232 1387,1232 1387,1259 1280,1259"/>
          <TextEquiv conf="0.92834824">
            <Unicode>nimmt</Unicode>
          </TextEquiv>
        </Word>
        <Word id="region0003_line0017_word0004" custom="readingOrder {index:4;}">
          <Coords points="1416,1259 1462,1259 1462,1230 1447,1230 1438,1225 1427,1226 1424,1229 1416,1228"/>
          <TextEquiv conf="0.9308241">
            <Unicode>ein</Unicode>
          </TextEquiv>
        </Word>
        <TextEquiv conf="0.9249928">
          <Unicode>Semmelkrume in Wein, nimmt ein</Unicode>
        </TextEquiv>
      </TextLine>
      <TextLine id="region0003_line0018" custom="readingOrder {index:2;}">
        <Coords points="882,1269 853,1273 840,1270 820,1271 820,1314 842,1318 847,1315 887,1315 892,1312 931,1317 987,1313 1047,1313 1073,1315 1079,1319 1092,1316 1158,1315 1174,1311 1201,1311 1205,1315 1219,1312 1267,1311 1287,1318 1299,1315 1317,1318 1324,1311 1341,1310 1473,1313 1473,1272 1470,1271 1324,1274 1317,1268 1288,1268 1278,1275 1239,1276 1214,1273 1147,1274 1141,1270 1102,1276 1097,1270 1057,1270 1041,1272 1034,1276 1009,1270 898,1272"/>
        <Baseline points="820,1304 1473,1302"/>
        <Word id="region0003_line0018_word0000" custom="readingOrder {index:0;}">
          <Coords points="930,1279 827,1279 827,1315 836,1317 843,1317 847,1315 887,1315 892,1312 930,1316"/>
          <TextEquiv conf="0.92175883">
            <Unicode>halbes</Unicode>
          </TextEquiv>
        </Word>
        <Word id="region0003_line0018_word0001" custom="readingOrder {index:1;}">
          <Coords points="1055,1279 955,1279 955,1314 973,1314 987,1313 1047,1313 1055,1313"/>
          <TextEquiv conf="0.049661864">
            <Unicode>Maas</Unicode>
          </TextEquiv>
        </Word>
        <Word id="region0003_line0018_word0002" custom="readingOrder {index:2;}">
          <Coords points="1179,1277 1079,1278 1079,1316 1117,1315 1158,1315 1174,1311 1179,1311"/>
          <TextEquiv conf="0.90842086">
            <Unicode>ſauber</Unicode>
          </TextEquiv>
        </Word>
        <Word id="region0003_line0018_word0003" custom="readingOrder {index:3;}">
          <Coords points="1200,1276 1200,1311 1201,1311 1205,1315 1219,1312 1267,1311 1281,1316 1295,1316 1299,1315 1305,1316 1319,1316 1324,1311 1341,1310 1377,1310 1377,1276 1239,1276"/>
          <TextEquiv conf="0.916409">
            <Unicode>gewaſchene</Unicode>
          </TextEquiv>
        </Word>
        <Word id="region0003_line0018_word0004" custom="readingOrder {index:4;}">
          <Coords points="1401,1281 1461,1281 1461,1309 1401,1309"/>
          <TextEquiv conf="0.93045497">
            <Unicode>und</Unicode>
          </TextEquiv>
        </Word>
        <TextEquiv conf="0.7453411">
          <Unicode>halbes Maas ſauber gewaſchene und</Unicode>
        </TextEquiv>
      </TextLine>
      <TextLine id="region0003_line0019" custom="readingOrder {index:3;}">
        <Coords points="1341,1311 1324,1312 1317,1319 1287,1319 1267,1312 1219,1313 1212,1316 1205,1316 1201,1312 1174,1312 1162,1313 1157,1318 1087,1320 1047,1314 914,1318 907,1313 892,1313 887,1316 865,1314 842,1319 823,1317 820,1318 821,1364 843,1364 853,1359 868,1357 895,1361 903,1356 914,1355 942,1356 947,1359 951,1356 961,1356 968,1361 1012,1361 1036,1359 1047,1355 1076,1359 1111,1355 1143,1363 1150,1361 1192,1364 1230,1356 1283,1359 1302,1363 1353,1364 1389,1361 1401,1356 1474,1357 1473,1314 1393,1317 1386,1311"/>
        <Baseline points="820,1352 935,1347 1355,1354 1391,1346 1473,1347"/>
        <Word id="region0003_line0019_word0000" custom="readingOrder {index:0;}">
          <Coords points="951,1322 828,1322 829,1362 847,1362 853,1359 868,1357 895,1361 903,1356 914,1355 942,1356 947,1359 951,1356 952,1356"/>
          <TextEquiv conf="0.92465925">
            <Unicode>geleſene</Unicode>
          </TextEquiv>
        </Word>
        <Word id="region0003_line0019_word0001" custom="readingOrder {index:1;}">
          <Coords points="1153,1360 1152,1323 972,1324 973,1361 1014,1360 1036,1359 1047,1355 1076,1359 1111,1355 1131,1360"/>
          <TextEquiv conf="0.46268612">
            <Unicode>Erdbeeren,</Unicode>
          </TextEquiv>
        </Word>
        <Word id="region0003_line0019_word0002" custom="readingOrder {index:2;}">
          <Coords points="1317,1362 1316,1321 1192,1321 1193,1362 1201,1362 1230,1356 1283,1359 1297,1362"/>
          <TextEquiv conf="0.92779106">
            <Unicode>Zukker,</Unicode>
          </TextEquiv>
        </Word>
        <Word id="region0003_line0019_word0003" custom="readingOrder {index:3;}">
          <Coords points="1462,1321 1349,1321 1350,1362 1377,1362 1389,1361 1401,1356 1462,1356"/>
          <TextEquiv conf="0.74932677">
            <Unicode>Zimmt</Unicode>
          </TextEquiv>
        </Word>
        <TextEquiv conf="0.7661158">
          <Unicode>geleſene Erdbeeren, Zukker, Zimmt</Unicode>
        </TextEquiv>
      </TextLine>
      <TextLine id="region0003_line0020" custom="readingOrder {index:4;}">
        <Coords points="914,1356 903,1357 895,1362 868,1358 843,1365 821,1365 821,1402 836,1402 847,1397 895,1403 931,1403 949,1399 985,1402 996,1401 1004,1394 1009,1398 1012,1407 1025,1404 1046,1407 1051,1404 1083,1403 1088,1400 1101,1403 1182,1402 1205,1405 1249,1405 1292,1400 1351,1403 1357,1406 1403,1402 1474,1402 1474,1359 1440,1357 1431,1360 1353,1365 1262,1362 1250,1357 1230,1357 1192,1365 1150,1362 1143,1364 1111,1356 1102,1358 1097,1362 1078,1362 1073,1358 1047,1356 1033,1363 998,1363 968,1362 961,1357 951,1357 947,1360 942,1357"/>
        <Baseline points="821,1391 1474,1392"/>
        <Word id="region0003_line0020_word0000" custom="readingOrder {index:0;}">
          <Coords points="828,1368 886,1368 886,1397 828,1397"/>
          <TextEquiv conf="0.928091">
            <Unicode>und</Unicode>
          </TextEquiv>
        </Word>
        <Word id="region0003_line0020_word0001" custom="readingOrder {index:1;}">
          <Coords points="910,1364 980,1364 980,1397 910,1397"/>
          <TextEquiv conf="0.9253827">
            <Unicode>klein</Unicode>
          </TextEquiv>
        </Word>
        <Word id="region0003_line0020_word0002" custom="readingOrder {index:2;}">
          <Coords points="1003,1364 1003,1395 1004,1394 1009,1398 1011,1403 1084,1403 1088,1400 1099,1402 1176,1402 1182,1402 1182,1402 1190,1402 1190,1365 1166,1363 1146,1363 1143,1364 1140,1363"/>
          <TextEquiv conf="0.91971916">
            <Unicode>geſchnittene</Unicode>
          </TextEquiv>
        </Word>
        <Word id="region0003_line0020_word0003" custom="readingOrder {index:3;}">
          <Coords points="1214,1364 1214,1401 1283,1401 1292,1400 1311,1401 1372,1401 1372,1364 1368,1364 1353,1365 1322,1364"/>
          <TextEquiv>
            <Unicode>Citronen,</Unicode>
          </TextEquiv>
        </Word>
        <Word id="region0003_line0020_word0004" custom="readingOrder {index:4;}">
          <Coords points="1401,1365 1460,1365 1460,1395 1401,1395"/>
          <TextEquiv conf="0.9324545">
            <Unicode>und</Unicode>
          </TextEquiv>
        </Word>
        <TextEquiv>
          <Unicode>und klein geſchnittene Citronen, und</Unicode>
        </TextEquiv>
      </TextLine>
      <TextLine id="line_1671016750306_1389" custom="readingOrder {index:5;}">
        <Coords points="821,1405 835,1405 847,1398 877,1400 882,1405 923,1405 949,1400 985,1403 996,1402 1004,1395 1012,1408 1046,1408 1060,1404 1083,1404 1088,1401 1117,1406 1160,1403 1189,1406 1262,1406 1292,1401 1357,1407 1375,1405 1380,1410 1381,1419 1394,1419 1398,1422 1399,1442 821,1442"/>
        <Baseline points="821,1435 1398,1437"/>
        <Word id="region0003_line0021_word0000" custom="readingOrder {index:0;}">
          <Coords points="841,1401 835,1405 826,1405 826,1441 911,1441 911,1405 882,1405 878,1401"/>
          <TextEquiv conf="0.9200499">
            <Unicode>ruͤhrt</Unicode>
          </TextEquiv>
        </Word>
        <Word id="region0003_line0021_word0001" custom="readingOrder {index:1;}">
          <Coords points="926,1436 1007,1436 1007,1399 1004,1395 996,1402 985,1403 949,1400 926,1404"/>
          <TextEquiv conf="0.92039627">
            <Unicode>alles</Unicode>
          </TextEquiv>
        </Word>
        <Word id="region0003_line0021_word0002" custom="readingOrder {index:2;}">
          <Coords points="1016,1439 1093,1439 1093,1403 1084,1403 1083,1404 1060,1404 1046,1408 1016,1408"/>
          <TextEquiv conf="0.9309957">
            <Unicode>wohl</Unicode>
          </TextEquiv>
        </Word>
        <Word id="region0003_line0021_word0003" custom="readingOrder {index:3;}">
          <Coords points="1109,1407 1193,1407 1193,1434 1109,1434"/>
          <TextEquiv conf="0.92167425">
            <Unicode>unter</Unicode>
          </TextEquiv>
        </Word>
        <Word id="region0003_line0021_word0004" custom="readingOrder {index:4;}">
          <Coords points="1280,1403 1262,1406 1206,1406 1206,1433 1352,1433 1352,1406 1313,1403"/>
          <TextEquiv conf="0.88926256">
            <Unicode>einander.</Unicode>
          </TextEquiv>
        </Word>
        <TextEquiv conf="0.9164757">
          <Unicode>ruͤhrt alles wohl unter einander.</Unicode>
        </TextEquiv>
      </TextLine>
      <TextEquiv>
        <Unicode>Erdbeertorte. Man weicht
Semmelkrume in Wein, nimmt ein
halbes Maas ſauber gewaſchene und
geleſene Erdbeeren, Zukker, Zimmt
und klein geſchnittene Citronen, und
ruͤhrt alles wohl unter einander.</Unicode>
      </TextEquiv>
    </TextRegion>
    <TextRegion orientation="0.100059934" readingDirection="left-to-right" id="TextRegion_1671016750198_1385" custom="readingOrder {index:13;}">
      <Coords points="820,1442 1474,1442 1474,1921 820,1921"/>
      <TextLine id="region0003_line0022" custom="readingOrder {index:0;}">
        <Coords points="862,1444 853,1447 851,1466 851,1473 858,1483 894,1486 900,1490 929,1485 935,1489 979,1486 984,1489 1046,1490 1059,1487 1081,1494 1090,1494 1102,1489 1177,1489 1186,1486 1216,1486 1232,1490 1340,1490 1364,1489 1371,1480 1382,1483 1389,1491 1402,1488 1474,1489 1474,1448 1428,1447 1424,1444 1397,1448 1288,1451 1279,1451 1275,1445 1264,1444 1245,1451 1094,1448 1090,1445 1080,1445 1074,1450 1069,1450 960,1449 930,1444 879,1444 872,1447"/>
        <Baseline points="856,1480 1474,1479"/>
        <Word id="region0003_line0022_word0000" custom="readingOrder {index:0;}">
          <Coords points="890,1452 984,1452 984,1485 890,1485"/>
          <TextEquiv>
            <Unicode>Dann</Unicode>
          </TextEquiv>
        </Word>
        <Word id="region0003_line0022_word0001" custom="readingOrder {index:1;}">
          <Coords points="1015,1450 1015,1488 1057,1488 1059,1487 1061,1488 1110,1487 1110,1449 1075,1449 1074,1450 1069,1450 1040,1450"/>
          <TextEquiv conf="0.91799104">
            <Unicode>macht</Unicode>
          </TextEquiv>
        </Word>
        <Word id="region0003_line0022_word0002" custom="readingOrder {index:2;}">
          <Coords points="1138,1458 1209,1458 1209,1482 1138,1482"/>
          <TextEquiv conf="0.9312066">
            <Unicode>man</Unicode>
          </TextEquiv>
        </Word>
        <Word id="region0003_line0022_word0003" custom="readingOrder {index:3;}">
          <Coords points="1248,1450 1248,1481 1329,1481 1329,1450 1324,1450 1288,1451 1279,1451 1278,1450"/>
          <TextEquiv conf="0.9121109">
            <Unicode>einen</Unicode>
          </TextEquiv>
        </Word>
        <Word id="region0003_line0022_word0004" custom="readingOrder {index:4;}">
          <Coords points="1463,1484 1463,1453 1372,1453 1372,1480 1382,1483 1382,1484"/>
          <TextEquiv>
            <Unicode>guten</Unicode>
          </TextEquiv>
        </Word>
        <TextEquiv>
          <Unicode>Dann macht man einen guten</Unicode>
        </TextEquiv>
      </TextLine>
      <TextLine id="region0003_line0023" custom="readingOrder {index:1;}">
        <Coords points="845,1474 839,1480 821,1481 821,1530 827,1527 842,1527 847,1530 862,1528 867,1532 953,1532 957,1529 970,1529 975,1533 1059,1535 1071,1535 1084,1530 1117,1531 1131,1535 1151,1529 1188,1529 1210,1535 1268,1528 1313,1528 1324,1532 1358,1532 1375,1528 1410,1532 1437,1532 1441,1529 1474,1530 1474,1491 1421,1489 1389,1492 1382,1484 1373,1481 1366,1486 1364,1492 1243,1493 1216,1487 1186,1487 1173,1492 1129,1488 1102,1490 1090,1495 1081,1495 1059,1488 1046,1491 985,1491 979,1487 968,1487 955,1491 935,1490 929,1486 922,1486 900,1491 894,1487 859,1485 851,1474"/>
        <Baseline points="821,1521 1474,1522"/>
        <Word id="region0003_line0023_word0000" custom="readingOrder {index:0;}">
          <Coords points="842,1477 839,1480 827,1480 827,1521 1099,1521 1099,1491 1090,1495 1081,1495 1059,1488 1046,1491 985,1491 979,1487 968,1487 955,1491 935,1490 929,1486 922,1486 900,1491 894,1487 859,1485 853,1477"/>
          <TextEquiv conf="0.9202591">
            <Unicode>Weinbachesteig,</Unicode>
          </TextEquiv>
        </Word>
        <Word id="region0003_line0023_word0001" custom="readingOrder {index:1;}">
          <Coords points="1121,1519 1260,1519 1260,1492 1243,1493 1216,1487 1186,1487 1173,1492 1129,1488 1121,1488"/>
          <TextEquiv conf="0.9237794">
            <Unicode>(welchen</Unicode>
          </TextEquiv>
        </Word>
        <Word id="region0003_line0023_word0002" custom="readingOrder {index:2;}">
          <Coords points="1282,1513 1352,1513 1352,1492 1282,1492"/>
          <TextEquiv conf="0.92590934">
            <Unicode>man</Unicode>
          </TextEquiv>
        </Word>
        <Word id="region0003_line0023_word0003" custom="readingOrder {index:3;}">
          <Coords points="1373,1514 1463,1514 1463,1490 1421,1489 1389,1492 1382,1484 1373,1481"/>
          <TextEquiv conf="0.92696327">
            <Unicode>unter</Unicode>
          </TextEquiv>
        </Word>
        <TextEquiv conf="0.9242278">
          <Unicode>Weinbachesteig, (welchen man unter</Unicode>
        </TextEquiv>
      </TextLine>
      <TextLine id="region0003_line0024" custom="readingOrder {index:2;}">
        <Coords points="827,1528 821,1531 821,1567 828,1571 847,1566 909,1572 962,1572 969,1575 989,1571 1026,1570 1050,1574 1101,1574 1108,1569 1119,1569 1139,1571 1143,1574 1217,1572 1262,1578 1270,1575 1276,1578 1284,1572 1400,1574 1434,1570 1440,1571 1444,1577 1451,1577 1457,1573 1474,1574 1474,1531 1441,1530 1432,1534 1408,1534 1375,1529 1358,1533 1325,1534 1313,1529 1268,1529 1246,1534 1210,1536 1188,1530 1151,1530 1131,1536 1117,1532 1084,1531 1071,1536 1059,1536 975,1534 970,1530 957,1530 953,1533 867,1533 862,1529 847,1531 842,1528"/>
        <Baseline points="821,1559 1474,1564"/>
        <Word id="region0003_line0024_word0000" custom="readingOrder {index:0;}">
          <Coords points="928,1535 825,1535 825,1569 828,1571 847,1566 909,1572 928,1572"/>
          <TextEquiv conf="0.9196026">
            <Unicode>ſeinem</Unicode>
          </TextEquiv>
        </Word>
        <Word id="region0003_line0024_word0001" custom="readingOrder {index:1;}">
          <Coords points="944,1536 944,1572 962,1572 969,1575 989,1571 1026,1570 1050,1574 1059,1574 1059,1536"/>
          <TextEquiv conf="0.9309027">
            <Unicode>eigenen</Unicode>
          </TextEquiv>
        </Word>
        <Word id="region0003_line0024_word0002" custom="readingOrder {index:2;}">
          <Coords points="1078,1537 1187,1536 1187,1568 1078,1569"/>
          <TextEquiv>
            <Unicode>A tikel</Unicode>
          </TextEquiv>
        </Word>
        <Word id="region0003_line0024_word0003" custom="readingOrder {index:3;}">
          <Coords points="1202,1536 1202,1572 1217,1572 1232,1574 1281,1574 1284,1572 1354,1573 1354,1536 1210,1536"/>
          <TextEquiv conf="0.9257218">
            <Unicode>nachſehen</Unicode>
          </TextEquiv>
        </Word>
        <Word id="region0003_line0024_word0004" custom="readingOrder {index:4;} unclear {offset:0; length:5;}">
          <Coords points="1463,1573 1463,1535 1371,1535 1371,1573 1408,1573 1434,1570 1440,1571 1441,1573 1457,1573"/>
          <TextEquiv conf="0.9269302">
            <Unicode>kann)</Unicode>
          </TextEquiv>
        </Word>
        <TextEquiv>
          <Unicode>ſeinem eigenen A tikel nachſehen kann)</Unicode>
        </TextEquiv>
      </TextLine>
      <TextLine id="region0003_line0025" custom="readingOrder {index:3;}">
        <Coords points="847,1567 837,1568 831,1572 821,1568 821,1614 829,1615 838,1610 866,1615 914,1612 952,1614 967,1611 1037,1612 1055,1615 1098,1612 1122,1612 1128,1618 1134,1619 1158,1612 1183,1615 1195,1611 1219,1610 1256,1611 1262,1615 1315,1618 1389,1615 1428,1616 1436,1619 1446,1612 1474,1612 1474,1575 1457,1574 1451,1578 1444,1578 1440,1572 1434,1571 1421,1575 1387,1577 1297,1577 1292,1573 1284,1573 1276,1579 1270,1576 1262,1579 1217,1573 1143,1575 1139,1572 1119,1570 1108,1570 1099,1576 1063,1576 1033,1571 989,1572 969,1576 962,1573 909,1573"/>
        <Baseline points="821,1603 1474,1606"/>
        <Word id="region0003_line0025_word0000" custom="readingOrder {index:0;}">
          <Coords points="895,1575 826,1575 826,1614 829,1615 838,1610 866,1615 895,1613"/>
          <TextEquiv conf="0.92893225">
            <Unicode>fuͤllt</Unicode>
          </TextEquiv>
        </Word>
        <Word id="region0003_line0025_word0001" custom="readingOrder {index:1;}">
          <Coords points="923,1580 979,1580 979,1608 923,1608"/>
          <TextEquiv conf="0.9302023">
            <Unicode>das</Unicode>
          </TextEquiv>
        </Word>
        <Word id="region0003_line0025_word0002" custom="readingOrder {index:2;}">
          <Coords points="1001,1575 1001,1611 1037,1612 1042,1613 1091,1613 1098,1612 1122,1612 1122,1612 1157,1612 1158,1612 1159,1612 1186,1612 1186,1574 1178,1574 1143,1575 1142,1574 1101,1574 1099,1576 1063,1576 1055,1575"/>
          <TextEquiv conf="0.9236609">
            <Unicode>Angeruͤhrte</Unicode>
          </TextEquiv>
        </Word>
        <Word id="region0003_line0025_word0003" custom="readingOrder {index:3;}">
          <Coords points="1210,1576 1210,1610 1219,1610 1256,1611 1257,1612 1329,1612 1329,1577 1297,1577 1295,1576 1280,1576 1276,1579 1270,1576 1262,1579 1239,1576"/>
          <TextEquiv conf="0.91235185">
            <Unicode>darein,</Unicode>
          </TextEquiv>
        </Word>
        <Word id="region0003_line0025_word0004" custom="readingOrder {index:4;}">
          <Coords points="1421,1575 1387,1577 1366,1577 1366,1612 1446,1612 1465,1612 1465,1575 1455,1575 1451,1578 1444,1578 1442,1575"/>
          <TextEquiv conf="0.9253571">
            <Unicode>macht</Unicode>
          </TextEquiv>
        </Word>
        <TextEquiv conf="0.9241009">
          <Unicode>fuͤllt das Angeruͤhrte darein, macht</Unicode>
        </TextEquiv>
      </TextLine>
      <TextLine id="region0003_line0026" custom="readingOrder {index:4;}">
        <Coords points="838,1611 833,1615 821,1616 820,1657 826,1660 921,1650 981,1657 1041,1654 1060,1656 1076,1653 1125,1653 1133,1657 1209,1652 1253,1653 1264,1657 1409,1654 1444,1662 1473,1661 1474,1653 1474,1613 1446,1613 1433,1620 1371,1616 1315,1619 1262,1616 1256,1612 1208,1611 1188,1613 1182,1618 1175,1618 1170,1613 1158,1613 1151,1618 1134,1620 1128,1619 1122,1613 1098,1613 1055,1616 1037,1613 967,1612 952,1615 914,1613 866,1616"/>
        <Baseline points="820,1647 1248,1644 1474,1651"/>
        <Word id="region0003_line0026_word0000" custom="readingOrder {index:0;}">
          <Coords points="897,1620 826,1620 826,1659 835,1659 897,1652"/>
          <TextEquiv conf="0.91961473">
            <Unicode>ſtatt</Unicode>
          </TextEquiv>
        </Word>
        <Word id="region0003_line0026_word0001" custom="readingOrder {index:1;}">
          <Coords points="969,1652 969,1623 917,1623 917,1650 921,1650 938,1652"/>
          <TextEquiv conf="0.93066293">
            <Unicode>des</Unicode>
          </TextEquiv>
        </Word>
        <Word id="region0003_line0026_word0002" custom="readingOrder {index:2;}">
          <Coords points="1117,1621 991,1622 991,1654 1074,1653 1076,1653 1117,1653"/>
          <TextEquiv conf="0.9277665">
            <Unicode>Dekkels</Unicode>
          </TextEquiv>
        </Word>
        <Word id="region0003_line0026_word0003" custom="readingOrder {index:3;}">
          <Coords points="1143,1621 1187,1621 1187,1652 1143,1652"/>
          <TextEquiv conf="0.92471904">
            <Unicode>ein</Unicode>
          </TextEquiv>
        </Word>
        <Word id="region0003_line0026_word0004" custom="readingOrder {index:4;}">
          <Coords points="1211,1620 1313,1620 1313,1652 1211,1652"/>
          <TextEquiv conf="0.92815125">
            <Unicode>Gitter</Unicode>
          </TextEquiv>
        </Word>
        <Word id="region0003_line0026_word0005" custom="readingOrder {index:5;}">
          <Coords points="1342,1618 1342,1655 1409,1654 1426,1658 1463,1658 1463,1618 1436,1618 1433,1620 1402,1618"/>
          <TextEquiv conf="0.9280272">
            <Unicode>darauf,</Unicode>
          </TextEquiv>
        </Word>
        <TextEquiv conf="0.92649025">
          <Unicode>ſtatt des Dekkels ein Gitter darauf,</Unicode>
        </TextEquiv>
      </TextLine>
      <TextLine id="region0003_line0027" custom="readingOrder {index:5;}">
        <Coords points="921,1651 847,1657 833,1661 820,1658 820,1698 930,1695 936,1701 984,1699 990,1696 1058,1696 1067,1699 1091,1697 1096,1700 1114,1699 1133,1695 1145,1699 1153,1695 1169,1695 1186,1697 1192,1702 1247,1702 1344,1700 1358,1696 1371,1697 1383,1702 1437,1699 1473,1702 1473,1662 1444,1663 1409,1655 1352,1655 1346,1658 1332,1655 1324,1659 1309,1657 1264,1660 1263,1657 1253,1654 1209,1653 1135,1659 1125,1654 1111,1653 981,1658"/>
        <Baseline points="820,1688 1473,1691"/>
        <Word id="region0003_line0027_word0000" custom="readingOrder {index:0;}">
          <Coords points="826,1665 885,1665 885,1693 826,1693"/>
          <TextEquiv conf="0.9309588">
            <Unicode>und</Unicode>
          </TextEquiv>
        </Word>
        <Word id="region0003_line0027_word0001" custom="readingOrder {index:1;}">
          <Coords points="966,1698 966,1659 901,1659 901,1695 930,1695 933,1698"/>
          <TextEquiv conf="0.89234126">
            <Unicode>laͤßt</Unicode>
          </TextEquiv>
        </Word>
        <Word id="region0003_line0027_word0002" custom="readingOrder {index:2;}">
          <Coords points="989,1666 1021,1666 1021,1694 989,1694"/>
          <TextEquiv conf="0.9173111">
            <Unicode>es</Unicode>
          </TextEquiv>
        </Word>
        <Word id="region0003_line0027_word0003" custom="readingOrder {index:3;}">
          <Coords points="1040,1661 1153,1660 1153,1694 1040,1695"/>
          <TextEquiv conf="0.918216">
            <Unicode>bakken.</Unicode>
          </TextEquiv>
        </Word>
        <Word id="region0003_line0027_word0004" custom="readingOrder {index:4;}">
          <Coords points="1199,1660 1297,1660 1297,1694 1199,1694"/>
          <TextEquiv conf="0.91878664">
            <Unicode>Wenn</Unicode>
          </TextEquiv>
        </Word>
        <Word id="region0003_line0027_word0005" custom="readingOrder {index:5;}">
          <Coords points="1313,1661 1355,1661 1355,1692 1313,1692"/>
          <TextEquiv conf="0.92720824">
            <Unicode>die</Unicode>
          </TextEquiv>
        </Word>
        <Word id="region0003_line0027_word0006" custom="readingOrder {index:6;}">
          <Coords points="1370,1660 1370,1694 1464,1694 1464,1662 1444,1663 1430,1660"/>
          <TextEquiv conf="0.9321494">
            <Unicode>Torte</Unicode>
          </TextEquiv>
        </Word>
        <TextEquiv conf="0.91956735">
          <Unicode>und laͤßt es bakken. Wenn die Torte</Unicode>
        </TextEquiv>
      </TextLine>
      <TextLine id="region0003_line0028" custom="readingOrder {index:6;}">
        <Coords points="863,1696 854,1700 820,1701 820,1737 908,1739 924,1743 996,1743 1002,1746 1012,1742 1033,1746 1042,1741 1078,1742 1087,1739 1102,1740 1106,1744 1148,1743 1159,1748 1173,1744 1266,1741 1321,1745 1327,1742 1336,1743 1346,1738 1359,1746 1381,1740 1395,1744 1473,1744 1473,1703 1448,1700 1437,1700 1431,1704 1378,1704 1371,1698 1353,1697 1342,1704 1273,1704 1192,1703 1186,1698 1169,1696 1153,1696 1143,1701 1126,1696 1097,1703 1091,1698 1067,1700 1058,1697 990,1697 983,1701 936,1702 930,1696 891,1697 886,1700"/>
        <Baseline points="820,1730 1473,1735"/>
        <Word id="region0003_line0028_word0000" custom="readingOrder {index:0;}">
          <Coords points="964,1740 964,1706 826,1706 826,1737 908,1739 912,1740"/>
          <TextEquiv>
            <Unicode>gebakken</Unicode>
          </TextEquiv>
        </Word>
        <Word id="region0003_line0028_word0001" custom="readingOrder {index:1;}">
          <Coords points="1042,1706 990,1706 990,1743 996,1743 1002,1746 1012,1742 1033,1746 1042,1741"/>
          <TextEquiv conf="0.9320034">
            <Unicode>iſt;</Unicode>
          </TextEquiv>
        </Word>
        <Word id="region0003_line0028_word0002" custom="readingOrder {index:2;}">
          <Coords points="1101,1707 1074,1707 1074,1741 1078,1742 1087,1739 1101,1739"/>
          <TextEquiv conf="0.9275088">
            <Unicode>ſo</Unicode>
          </TextEquiv>
        </Word>
        <Word id="region0003_line0028_word0003" custom="readingOrder {index:3;}">
          <Coords points="1244,1704 1122,1704 1122,1743 1148,1743 1154,1746 1166,1746 1173,1744 1244,1741"/>
          <TextEquiv conf="0.91961485">
            <Unicode>beſtreut</Unicode>
          </TextEquiv>
        </Word>
        <Word id="region0003_line0028_word0004" custom="readingOrder {index:4;}">
          <Coords points="1259,1714 1329,1714 1329,1738 1259,1738"/>
          <TextEquiv conf="0.92881656">
            <Unicode>man</Unicode>
          </TextEquiv>
        </Word>
        <Word id="region0003_line0028_word0005" custom="readingOrder {index:5;}">
          <Coords points="1348,1703 1348,1739 1352,1742 1373,1742 1381,1740 1384,1740 1384,1704 1378,1704 1376,1703"/>
          <TextEquiv conf="0.92288405">
            <Unicode>ſie</Unicode>
          </TextEquiv>
        </Word>
        <Word id="region0003_line0028_word0006" custom="readingOrder {index:6;}">
          <Coords points="1406,1706 1464,1706 1464,1738 1406,1738"/>
          <TextEquiv conf="0.91963667">
            <Unicode>mit</Unicode>
          </TextEquiv>
        </Word>
        <TextEquiv>
          <Unicode>gebakken iſt; ſo beſtreut man ſie mit</Unicode>
        </TextEquiv>
      </TextLine>
      <TextLine id="region0003_line0029" custom="readingOrder {index:7;}">
        <Coords points="820,1738 820,1785 828,1787 862,1783 871,1783 878,1787 906,1787 927,1783 986,1786 1050,1784 1083,1785 1089,1788 1152,1786 1180,1793 1220,1791 1228,1794 1238,1791 1239,1788 1268,1789 1284,1786 1355,1786 1372,1788 1381,1794 1420,1789 1473,1790 1473,1745 1434,1747 1406,1743 1396,1746 1391,1742 1381,1741 1372,1748 1360,1748 1346,1739 1319,1747 1266,1742 1225,1743 1220,1748 1169,1746 1159,1749 1107,1748 1102,1741 1087,1740 1078,1743 1042,1742 1033,1747 1012,1743 1002,1747 996,1744 972,1746 924,1744 908,1740"/>
        <Baseline points="820,1778 1473,1780"/>
        <Word id="region0003_line0029_word0000" custom="readingOrder {index:0;}">
          <Coords points="931,1749 826,1749 826,1786 828,1787 862,1783 871,1783 878,1787 906,1787 927,1783 931,1783"/>
          <TextEquiv conf="0.92116743">
            <Unicode>Zukker</Unicode>
          </TextEquiv>
        </Word>
        <Word id="region0003_line0029_word0001" custom="readingOrder {index:1;}">
          <Coords points="966,1753 1024,1753 1024,1782 966,1782"/>
          <TextEquiv conf="0.93183714">
            <Unicode>und</Unicode>
          </TextEquiv>
        </Word>
        <Word id="region0003_line0029_word0002" custom="readingOrder {index:2;}">
          <Coords points="1061,1749 1061,1784 1083,1785 1088,1787 1098,1787 1152,1786 1157,1787 1190,1787 1190,1748 1161,1748 1159,1749 1130,1748"/>
          <TextEquiv conf="0.9167481">
            <Unicode>Zimmt,</Unicode>
          </TextEquiv>
        </Word>
        <Word id="region0003_line0029_word0003" custom="readingOrder {index:3;}">
          <Coords points="1297,1749 1224,1749 1224,1789 1238,1789 1239,1788 1268,1789 1284,1786 1297,1786"/>
          <TextEquiv>
            <Unicode>ſtellt</Unicode>
          </TextEquiv>
        </Word>
        <Word id="region0003_line0029_word0004" custom="readingOrder {index:4;}">
          <Coords points="1332,1743 1327,1744 1327,1782 1355,1782 1355,1744 1352,1743"/>
          <TextEquiv>
            <Unicode>in</Unicode>
          </TextEquiv>
        </Word>
        <Word id="region0003_line0029_word0005" custom="readingOrder {index:5;}">
          <Coords points="1380,1747 1462,1747 1462,1787 1380,1787"/>
          <TextEquiv conf="0.928938">
            <Unicode>jedes</Unicode>
          </TextEquiv>
        </Word>
        <TextEquiv>
          <Unicode>Zukker und Zimmt, ſtellt in jedes</Unicode>
        </TextEquiv>
      </TextLine>
      <TextLine id="region0003_line0030" custom="readingOrder {index:8;}">
        <Coords points="862,1784 832,1788 820,1786 820,1831 900,1830 917,1827 927,1830 995,1831 1004,1828 1027,1828 1061,1831 1095,1829 1104,1833 1172,1832 1180,1824 1184,1824 1191,1829 1194,1837 1205,1832 1245,1832 1257,1837 1260,1834 1275,1835 1288,1831 1301,1835 1337,1835 1399,1831 1416,1833 1422,1830 1432,1831 1444,1838 1473,1836 1473,1795 1470,1793 1381,1795 1372,1789 1355,1787 1284,1787 1228,1795 1220,1792 1166,1793 1152,1787 1129,1791 1050,1785 997,1788 927,1784 906,1788 878,1788 871,1784"/>
        <Baseline points="820,1820 1473,1827"/>
        <Word id="region0003_line0030_word0000" custom="readingOrder {index:0;}">
          <Coords points="943,1829 943,1795 826,1795 826,1829 905,1829 917,1827 923,1829"/>
          <TextEquiv conf="0.9215455">
            <Unicode>Viereck</Unicode>
          </TextEquiv>
        </Word>
        <Word id="region0003_line0030_word0001" custom="readingOrder {index:1;}">
          <Coords points="965,1797 1017,1797 1017,1828 965,1828"/>
          <TextEquiv conf="0.9326251">
            <Unicode>des</Unicode>
          </TextEquiv>
        </Word>
        <Word id="region0003_line0030_word0002" custom="readingOrder {index:2;}">
          <Coords points="1159,1829 1159,1794 1039,1795 1039,1829 1048,1829 1084,1829 1095,1829 1096,1829"/>
          <TextEquiv conf="0.9321011">
            <Unicode>Gitters</Unicode>
          </TextEquiv>
        </Word>
        <Word id="region0003_line0030_word0003" custom="readingOrder {index:3;}">
          <Coords points="1270,1831 1270,1800 1181,1800 1181,1824 1184,1824 1191,1829 1191,1831"/>
          <TextEquiv conf="0.93167734">
            <Unicode>ganze</Unicode>
          </TextEquiv>
        </Word>
        <Word id="region0003_line0030_word0004" custom="readingOrder {index:4;}">
          <Coords points="1286,1792 1286,1830 1422,1830 1462,1830 1462,1793 1381,1795 1376,1792"/>
          <TextEquiv>
            <Unicode>Erdbeeren,</Unicode>
          </TextEquiv>
        </Word>
        <TextEquiv>
          <Unicode>Viereck des Gitters ganze Erdbeeren,</Unicode>
        </TextEquiv>
      </TextLine>
      <TextLine id="region0003_line0031" custom="readingOrder {index:9;}">
        <Coords points="1180,1825 1172,1835 1145,1832 1105,1836 1095,1830 1061,1832 1027,1829 1004,1829 980,1834 929,1834 928,1831 917,1828 900,1831 820,1833 820,1870 890,1871 901,1872 904,1875 981,1875 1006,1880 1022,1878 1027,1882 1056,1874 1116,1872 1126,1877 1210,1877 1227,1879 1234,1885 1275,1882 1280,1886 1290,1885 1297,1877 1473,1876 1473,1838 1444,1839 1427,1831 1415,1835 1410,1832 1399,1832 1394,1835 1376,1834 1372,1837 1302,1837 1297,1833 1288,1832 1279,1833 1274,1838 1256,1838 1245,1833 1232,1833 1228,1837 1194,1838 1189,1828"/>
        <Baseline points="820,1863 1246,1871 1473,1866"/>
        <Word id="region0003_line0031_word0000" custom="readingOrder {index:0;}">
          <Coords points="826,1840 885,1840 885,1869 826,1869"/>
          <TextEquiv conf="0.93038124">
            <Unicode>und</Unicode>
          </TextEquiv>
        </Word>
        <Word id="region0003_line0031_word0001" custom="readingOrder {index:1;}">
          <Coords points="1005,1876 1005,1837 903,1837 903,1874 904,1875 981,1875 986,1876"/>
          <TextEquiv conf="0.9129085">
            <Unicode>ſtreuet</Unicode>
          </TextEquiv>
        </Word>
        <Word id="region0003_line0031_word0002" custom="readingOrder {index:2;}">
          <Coords points="1019,1836 1019,1878 1022,1878 1023,1878 1038,1878 1056,1874 1116,1872 1124,1876 1124,1835 1114,1835 1105,1836 1103,1835"/>
          <TextEquiv conf="0.92333704">
            <Unicode>Zukker</Unicode>
          </TextEquiv>
        </Word>
        <Word id="region0003_line0031_word0003" custom="readingOrder {index:3;}">
          <Coords points="1139,1875 1257,1875 1257,1838 1256,1838 1245,1833 1232,1833 1228,1837 1194,1838 1189,1828 1180,1825 1172,1835 1145,1832 1139,1832"/>
          <TextEquiv conf="0.9110643">
            <Unicode>darauf,</Unicode>
          </TextEquiv>
        </Word>
        <Word id="region0003_line0031_word0004" custom="readingOrder {index:4;}">
          <Coords points="1280,1835 1280,1876 1307,1876 1307,1837 1302,1837 1299,1835"/>
          <TextEquiv conf="0.9193831">
            <Unicode>ſo</Unicode>
          </TextEquiv>
        </Word>
        <Word id="region0003_line0031_word0005" custom="readingOrder {index:5;}">
          <Coords points="1321,1842 1393,1842 1393,1868 1321,1868"/>
          <TextEquiv conf="0.92706186">
            <Unicode>wird</Unicode>
          </TextEquiv>
        </Word>
        <Word id="region0003_line0031_word0006" custom="readingOrder {index:6;}">
          <Coords points="1403,1836 1403,1868 1463,1868 1463,1838 1444,1839 1437,1836"/>
          <TextEquiv>
            <Unicode>die⸗</Unicode>
          </TextEquiv>
        </Word>
        <TextEquiv>
          <Unicode>und ſtreuet Zukker darauf, ſo wird die⸗</Unicode>
        </TextEquiv>
      </TextLine>
      <TextLine id="region0003_line0032" custom="readingOrder {index:10;}">
        <Coords points="820,1871 820,1920 824,1922 851,1917 916,1917 926,1920 975,1918 980,1921 1007,1919 1018,1926 1042,1922 1070,1927 1079,1919 1094,1921 1100,1918 1137,1917 1151,1921 1191,1922 1199,1920 1202,1916 1201,1896 1197,1893 1181,1893 1177,1882 1125,1880 1122,1875 1116,1873 1056,1875 1027,1883 1022,1879 945,1879 941,1876 918,1879 914,1875 904,1876 901,1873 890,1872"/>
        <Baseline points="820,1910 1202,1912"/>
        <Word id="region0003_line0032_word0000" custom="readingOrder {index:0;}">
          <Coords points="852,1882 827,1882 827,1921 851,1917 852,1917"/>
          <TextEquiv conf="0.92809224">
            <Unicode>ſe</Unicode>
          </TextEquiv>
        </Word>
        <Word id="region0003_line0032_word0001" custom="readingOrder {index:1;}">
          <Coords points="867,1883 957,1883 957,1917 867,1917"/>
          <TextEquiv conf="0.92968667">
            <Unicode>Torte</Unicode>
          </TextEquiv>
        </Word>
        <Word id="region0003_line0032_word0002" custom="readingOrder {index:2;}">
          <Coords points="1047,1884 973,1884 973,1918 975,1918 980,1921 1007,1919 1013,1923 1036,1923 1042,1922 1047,1922"/>
          <TextEquiv conf="0.92542726">
            <Unicode>recht</Unicode>
          </TextEquiv>
        </Word>
        <Word id="region0003_line0032_word0003" custom="readingOrder {index:3;}">
          <Coords points="1063,1881 1063,1924 1073,1923 1079,1919 1094,1921 1100,1918 1137,1917 1151,1921 1153,1921 1153,1881 1131,1880"/>
          <TextEquiv conf="0.9216733">
            <Unicode>ſchoͤn.</Unicode>
          </TextEquiv>
        </Word>
        <TextEquiv conf="0.9262199">
          <Unicode>ſe Torte recht ſchoͤn.</Unicode>
        </TextEquiv>
      </TextLine>
      <TextEquiv>
        <Unicode>Dann macht man einen guten
Weinbachesteig, (welchen man unter
ſeinem eigenen A tikel nachſehen kann)
fuͤllt das Angeruͤhrte darein, macht
ſtatt des Dekkels ein Gitter darauf,
und laͤßt es bakken. Wenn die Torte
gebakken iſt; ſo beſtreut man ſie mit
Zukker und Zimmt, ſtellt in jedes
Viereck des Gitters ganze Erdbeeren,
und ſtreuet Zukker darauf, ſo wird die⸗
ſe Torte recht ſchoͤn.</Unicode>
      </TextEquiv>
    </TextRegion>
    <TextRegion orientation="0.100059934" readingDirection="left-to-right" id="TextRegion_1671016745261_1381" custom="readingOrder {index:14;}">
      <Coords points="820,1921 1474,1921 1474,2310 820,2310"/>
      <TextLine id="region0003_line0033" custom="readingOrder {index:0;}">
        <Coords points="1276,1913 1270,1920 1258,1914 1250,1914 1243,1918 1211,1918 1191,1923 1152,1923 1147,1919 1137,1918 1100,1919 1094,1922 1079,1920 1070,1928 1060,1925 1019,1927 1007,1920 994,1920 988,1924 975,1919 926,1921 916,1918 851,1918 821,1924 821,1955 830,1963 846,1964 884,1961 1007,1961 1039,1962 1056,1969 1091,1966 1099,1962 1123,1965 1131,1962 1163,1962 1176,1959 1224,1961 1233,1958 1275,1958 1286,1961 1303,1959 1341,1962 1349,1959 1474,1959 1471,1923 1430,1921 1385,1914 1343,1915 1334,1922 1293,1922 1289,1914"/>
        <Baseline points="821,1953 1473,1949"/>
        <Word id="region0003_line0033_word0001" custom="readingOrder {index:0;}">
          <Coords points="869,1922 870,1961 884,1961 1007,1961 1069,1961 1068,1927 1060,1925 1019,1927 1010,1922 991,1922 988,1924 982,1922"/>
          <TextEquiv>
            <Unicode>Erdbirn,</Unicode>
          </TextEquiv>
        </Word>
        <Word id="region0003_line0033_word0002" custom="readingOrder {index:1;}">
          <Coords points="1093,1922 1094,1960 1173,1960 1176,1959 1191,1960 1229,1959 1233,1958 1275,1958 1280,1959 1301,1959 1303,1959 1305,1959 1349,1959 1349,1959 1351,1959 1350,1921 1335,1921 1334,1922 1293,1922 1293,1921 1197,1922 1191,1923 1152,1923 1150,1922 1094,1922 1094,1922 1094,1922"/>
          <TextEquiv conf="0.9200508">
            <Unicode>Grundbirn,</Unicode>
          </TextEquiv>
        </Word>
        <Word id="region0003_line0033_word0003" custom="readingOrder {index:2;}">
          <Coords points="1366,1922 1367,1952 1462,1952 1461,1922 1450,1922"/>
          <TextEquiv>
            <Unicode>Kar⸗</Unicode>
          </TextEquiv>
        </Word>
        <TextEquiv>
          <Unicode>Erdbirn, Grundbirn, Kar⸗</Unicode>
        </TextEquiv>
      </TextLine>
      <TextLine id="region0003_line0034" custom="readingOrder {index:1;}">
        <Coords points="1440,1958 1408,1965 1402,1965 1394,1960 1349,1960 1345,1963 1333,1961 1329,1965 1309,1965 1303,1960 1286,1962 1275,1959 1233,1959 1224,1962 1176,1960 1163,1963 1131,1963 1119,1968 1108,1963 1099,1963 1090,1968 1064,1970 1056,1970 1039,1963 1007,1962 884,1962 865,1966 828,1964 821,1965 821,2003 842,2003 848,2006 874,2004 878,2007 894,2005 900,2011 941,2006 957,2012 978,2007 1099,2007 1106,2003 1120,2003 1124,2010 1128,2011 1138,2006 1149,2007 1155,2003 1193,2004 1198,2007 1226,2005 1246,2010 1264,2004 1330,2006 1337,2003 1349,2005 1355,2010 1370,2011 1399,2006 1439,2009 1445,2004 1474,2007 1474,1963 1450,1962"/>
        <Baseline points="821,1995 1474,1997"/>
        <Word id="region0003_line0034_word0000" custom="readingOrder {index:0;}">
          <Coords points="966,1973 827,1973 827,2003 842,2003 848,2006 874,2004 878,2007 894,2005 899,2010 908,2010 941,2006 952,2010 965,2010 966,2010"/>
          <TextEquiv conf="0.91678476">
            <Unicode>toffel,</Unicode>
          </TextEquiv>
        </Word>
        <Word id="region0003_line0034_word0001" custom="readingOrder {index:1;}">
          <Coords points="988,1970 988,2007 1099,2007 1106,2003 1120,2003 1124,2009 1131,2009 1138,2006 1149,2007 1155,2003 1193,2004 1198,2007 1206,2006 1206,1969 1069,1970 1064,1970 1056,1970 1055,1970"/>
          <TextEquiv>
            <Unicode>Tartuͤffel,</Unicode>
          </TextEquiv>
        </Word>
        <Word id="region0003_line0034_word0002" custom="readingOrder {index:2;}">
          <Coords points="1263,1971 1230,1971 1230,2006 1246,2010 1263,2004"/>
          <TextEquiv conf="0.9329889">
            <Unicode>iſt</Unicode>
          </TextEquiv>
        </Word>
        <Word id="region0003_line0034_word0003" custom="readingOrder {index:3;}">
          <Coords points="1278,1971 1338,1971 1338,2003 1278,2003"/>
          <TextEquiv conf="0.9323788">
            <Unicode>eine</Unicode>
          </TextEquiv>
        </Word>
        <Word id="region0003_line0034_word0004" custom="readingOrder {index:4;}">
          <Coords points="1463,1970 1354,1970 1354,2009 1355,2010 1375,2010 1399,2006 1439,2009 1445,2004 1463,2005"/>
          <TextEquiv conf="0.92479974">
            <Unicode>Frucht</Unicode>
          </TextEquiv>
        </Word>
        <TextEquiv>
          <Unicode>toffel, Tartuͤffel, iſt eine Frucht</Unicode>
        </TextEquiv>
      </TextLine>
      <TextLine id="region0003_line0035" custom="readingOrder {index:2;}">
        <Coords points="821,2004 821,2053 829,2057 843,2052 854,2052 859,2056 868,2057 876,2052 957,2052 963,2049 985,2048 1011,2048 1018,2052 1035,2050 1041,2053 1114,2051 1124,2056 1134,2049 1147,2051 1157,2047 1188,2050 1260,2050 1269,2054 1279,2050 1327,2051 1341,2054 1358,2048 1424,2051 1474,2048 1474,2009 1461,2009 1454,2005 1445,2005 1439,2010 1370,2012 1355,2011 1340,2004 1326,2010 1292,2010 1264,2005 1246,2011 1226,2006 1198,2008 1193,2005 1155,2004 1149,2008 1138,2007 1128,2012 1124,2011 1120,2004 1106,2004 1099,2008 978,2008 957,2013 941,2007 933,2007 926,2011 900,2012 894,2006 878,2008 874,2005 848,2007 842,2004"/>
        <Baseline points="821,2043 1474,2041"/>
        <Word id="region0003_line0035_word0000" custom="readingOrder {index:0;}">
          <Coords points="883,2014 826,2014 826,2055 827,2056 831,2056 843,2052 854,2052 859,2056 869,2056 876,2052 883,2052"/>
          <TextEquiv conf="0.925281">
            <Unicode>faſt</Unicode>
          </TextEquiv>
        </Word>
        <Word id="region0003_line0035_word0001" custom="readingOrder {index:1;}">
          <Coords points="903,2016 958,2016 958,2048 903,2048"/>
          <TextEquiv conf="0.9310957">
            <Unicode>wie</Unicode>
          </TextEquiv>
        </Word>
        <Word id="region0003_line0035_word0002" custom="readingOrder {index:2;}">
          <Coords points="979,2016 1021,2016 1021,2047 979,2047"/>
          <TextEquiv conf="0.9290883">
            <Unicode>die</Unicode>
          </TextEquiv>
        </Word>
        <Word id="region0003_line0035_word0003" custom="readingOrder {index:3;}">
          <Coords points="1038,2012 1038,2051 1041,2053 1114,2051 1122,2055 1124,2055 1134,2049 1147,2051 1157,2047 1188,2050 1197,2050 1197,2011 1129,2011 1128,2012 1125,2011"/>
          <TextEquiv conf="0.92773324">
            <Unicode>Erdaͤpfel,</Unicode>
          </TextEquiv>
        </Word>
        <Word id="region0003_line0035_word0004" custom="readingOrder {index:4;}">
          <Coords points="1308,2015 1221,2015 1221,2050 1260,2050 1262,2051 1276,2051 1279,2050 1308,2050"/>
          <TextEquiv conf="0.9291716">
            <Unicode>daher</Unicode>
          </TextEquiv>
        </Word>
        <Word id="region0003_line0035_word0005" custom="readingOrder {index:5;}">
          <Coords points="1368,2013 1332,2013 1332,2052 1346,2052 1358,2048 1368,2048"/>
          <TextEquiv conf="0.5341541">
            <Unicode>ſie</Unicode>
          </TextEquiv>
        </Word>
        <Word id="region0003_line0035_word0006" custom="readingOrder {index:6;}">
          <Coords points="1464,2014 1392,2014 1392,2049 1424,2051 1464,2048"/>
          <TextEquiv conf="0.9299695">
            <Unicode>auch</Unicode>
          </TextEquiv>
        </Word>
        <TextEquiv conf="0.8723562">
          <Unicode>faſt wie die Erdaͤpfel, daher ſie auch</Unicode>
        </TextEquiv>
      </TextLine>
      <TextLine id="region0003_line0036" custom="readingOrder {index:3;}">
        <Coords points="985,2049 963,2050 954,2056 923,2056 919,2053 910,2053 874,2055 868,2058 856,2055 829,2058 821,2055 821,2091 938,2093 944,2096 958,2093 964,2099 973,2094 1035,2095 1049,2090 1061,2090 1069,2094 1081,2094 1086,2091 1104,2091 1109,2093 1123,2090 1140,2095 1235,2093 1268,2097 1294,2096 1304,2091 1315,2095 1324,2092 1379,2094 1385,2091 1474,2095 1474,2049 1467,2048 1454,2052 1445,2049 1428,2050 1422,2054 1384,2054 1375,2053 1370,2049 1358,2049 1352,2054 1341,2055 1269,2055 1260,2052 1157,2048 1147,2052 1134,2050 1125,2057 1115,2053 1041,2054 1035,2051 1018,2053 1011,2049"/>
        <Baseline points="821,2084 1474,2085"/>
        <Word id="region0003_line0036_word0000" custom="readingOrder {index:0;}">
          <Coords points="828,2065 867,2065 867,2091 828,2091"/>
          <TextEquiv conf="0.9251309">
            <Unicode>an</Unicode>
          </TextEquiv>
        </Word>
        <Word id="region0003_line0036_word0001" custom="readingOrder {index:1;}">
          <Coords points="1117,2057 910,2058 910,2093 938,2093 944,2096 958,2093 964,2099 964,2099 973,2094 1035,2095 1049,2090 1061,2090 1069,2094 1081,2094 1086,2091 1104,2091 1109,2093 1117,2091"/>
          <TextEquiv conf="0.9287941">
            <Unicode>verſchiedenen</Unicode>
          </TextEquiv>
        </Word>
        <Word id="region0003_line0036_word0002" custom="readingOrder {index:2;}">
          <Coords points="1283,2094 1283,2058 1160,2058 1160,2094 1187,2094 1235,2093 1243,2094"/>
          <TextEquiv conf="0.9162011">
            <Unicode>Orten,</Unicode>
          </TextEquiv>
        </Word>
        <Word id="region0003_line0036_word0003" custom="readingOrder {index:3;}">
          <Coords points="1466,2094 1466,2056 1329,2056 1329,2092 1379,2094 1385,2091 1451,2094"/>
          <TextEquiv conf="0.8623516">
            <Unicode>wiewohl</Unicode>
          </TextEquiv>
        </Word>
        <TextEquiv conf="0.90811944">
          <Unicode>an verſchiedenen Orten, wiewohl</Unicode>
        </TextEquiv>
      </TextLine>
      <TextLine id="region0003_line0037" custom="readingOrder {index:4;}">
        <Coords points="851,2091 821,2092 821,2141 834,2143 844,2140 867,2141 895,2137 899,2142 905,2143 912,2140 933,2141 963,2137 971,2140 1019,2140 1029,2139 1034,2135 1061,2135 1069,2143 1079,2138 1089,2142 1096,2141 1107,2134 1122,2133 1130,2140 1139,2142 1157,2133 1166,2136 1227,2137 1242,2133 1308,2133 1315,2137 1378,2135 1404,2137 1408,2140 1433,2137 1474,2138 1474,2098 1455,2098 1451,2094 1439,2093 1385,2092 1378,2096 1324,2093 1315,2096 1304,2092 1294,2097 1268,2098 1140,2096 1123,2091 1109,2094 1104,2092 1086,2092 1079,2097 1070,2097 1061,2091 1049,2091 1035,2096 973,2095 964,2100 958,2094 944,2097 938,2094"/>
        <Baseline points="821,2131 1474,2129"/>
        <Word id="region0003_line0037_word0000" custom="readingOrder {index:0;}">
          <Coords points="828,2100 828,2142 834,2143 844,2140 867,2141 895,2137 899,2142 905,2143 912,2140 933,2141 963,2137 969,2139 969,2100 964,2100"/>
          <TextEquiv conf="0.9150533">
            <Unicode>faͤlſchlich</Unicode>
          </TextEquiv>
        </Word>
        <Word id="region0003_line0037_word0001" custom="readingOrder {index:1;}">
          <Coords points="1123,2099 981,2100 981,2140 1019,2140 1029,2139 1034,2135 1061,2135 1069,2143 1079,2138 1089,2142 1096,2141 1107,2134 1122,2133 1123,2133"/>
          <TextEquiv conf="0.92240477">
            <Unicode>Erdaͤpfel</Unicode>
          </TextEquiv>
        </Word>
        <Word id="region0003_line0037_word0002" custom="readingOrder {index:2;}">
          <Coords points="1260,2110 1136,2110 1136,2141 1141,2141 1157,2133 1166,2136 1227,2137 1242,2133 1260,2133"/>
          <TextEquiv conf="0.8528694">
            <Unicode>genennt</Unicode>
          </TextEquiv>
        </Word>
        <Word id="region0003_line0037_word0003" custom="readingOrder {index:3;}">
          <Coords points="1270,2101 1354,2101 1354,2133 1270,2133"/>
          <TextEquiv conf="0.8528694">
            <Unicode>wird.</Unicode>
          </TextEquiv>
        </Word>
        <Word id="region0003_line0037_word0004" custom="readingOrder {index:4;}">
          <Coords points="1404,2103 1465,2103 1465,2135 1404,2135"/>
          <TextEquiv conf="0.92327654">
            <Unicode>Sie</Unicode>
          </TextEquiv>
        </Word>
        <TextEquiv conf="0.8932947">
          <Unicode>faͤlſchlich Erdaͤpfel genennt wird. Sie</Unicode>
        </TextEquiv>
      </TextLine>
      <TextLine id="region0003_line0038" custom="readingOrder {index:5;}">
        <Coords points="1107,2135 1096,2142 1089,2143 1079,2139 1069,2144 1061,2136 1034,2136 1028,2141 971,2141 963,2138 933,2142 912,2141 904,2144 895,2138 888,2138 882,2141 844,2141 834,2144 821,2142 821,2183 828,2179 867,2184 940,2181 1050,2182 1054,2179 1064,2182 1072,2178 1169,2177 1192,2180 1200,2172 1208,2175 1208,2185 1211,2186 1223,2182 1319,2182 1326,2181 1335,2174 1342,2180 1343,2185 1372,2183 1381,2186 1390,2183 1411,2183 1418,2179 1474,2182 1474,2139 1467,2138 1433,2138 1409,2142 1404,2138 1367,2136 1342,2142 1316,2142 1315,2138 1308,2134 1242,2134 1234,2136 1231,2140 1167,2140 1165,2136 1157,2134 1139,2143 1130,2141 1122,2134"/>
        <Baseline points="821,2173 1474,2171"/>
        <Word id="region0003_line0038_word0000" custom="readingOrder {index:0;}">
          <Coords points="829,2145 916,2145 916,2178 829,2178"/>
          <TextEquiv conf="0.92542475">
            <Unicode>treibt</Unicode>
          </TextEquiv>
        </Word>
        <Word id="region0003_line0038_word0001" custom="readingOrder {index:1;}">
          <Coords points="933,2145 1001,2145 1001,2179 933,2179"/>
          <TextEquiv conf="0.9313427">
            <Unicode>aber</Unicode>
          </TextEquiv>
        </Word>
        <Word id="region0003_line0038_word0002" custom="readingOrder {index:2;}">
          <Coords points="1090,2145 1014,2145 1014,2181 1050,2182 1054,2179 1064,2182 1072,2178 1090,2177"/>
          <TextEquiv conf="0.9305079">
            <Unicode>nicht</Unicode>
          </TextEquiv>
        </Word>
        <Word id="region0003_line0038_word0003" custom="readingOrder {index:3;}">
          <Coords points="1132,2143 1107,2144 1107,2177 1132,2177"/>
          <TextEquiv conf="0.93195724">
            <Unicode>ſo</Unicode>
          </TextEquiv>
        </Word>
        <Word id="region0003_line0038_word0004" custom="readingOrder {index:4;}">
          <Coords points="1233,2144 1156,2144 1156,2177 1169,2177 1192,2180 1200,2172 1208,2175 1208,2183 1220,2183 1223,2182 1233,2182"/>
          <TextEquiv conf="0.87011564">
            <Unicode>lange</Unicode>
          </TextEquiv>
        </Word>
        <Word id="region0003_line0038_word0005" custom="readingOrder {index:5;}">
          <Coords points="1248,2136 1248,2182 1319,2182 1326,2181 1335,2174 1342,2180 1343,2185 1372,2183 1381,2186 1390,2183 1402,2183 1402,2137 1367,2136 1342,2142 1316,2142 1315,2138 1311,2136"/>
          <TextEquiv conf="0.6585713">
            <Unicode>Staͤngel,</Unicode>
          </TextEquiv>
        </Word>
        <Word id="region0003_line0038_word0006" custom="readingOrder {index:6;}">
          <Coords points="1415,2145 1466,2145 1466,2176 1415,2176"/>
          <TextEquiv conf="0.9259475">
            <Unicode>als</Unicode>
          </TextEquiv>
        </Word>
        <TextEquiv conf="0.881981">
          <Unicode>treibt aber nicht ſo lange Staͤngel, als</Unicode>
        </TextEquiv>
      </TextLine>
      <TextLine id="region0003_line0039" custom="readingOrder {index:6;}">
        <Coords points="1200,2173 1192,2184 1169,2178 1072,2179 1064,2183 1054,2180 1049,2184 962,2185 940,2182 912,2183 906,2187 869,2187 828,2180 821,2185 820,2231 868,2224 887,2224 901,2231 907,2225 943,2224 948,2227 956,2223 972,2222 1055,2225 1081,2230 1131,2221 1166,2221 1179,2224 1270,2222 1275,2225 1388,2225 1423,2228 1432,2228 1438,2224 1447,2227 1473,2225 1474,2187 1461,2186 1454,2181 1418,2180 1410,2185 1381,2187 1372,2184 1343,2186 1335,2175 1326,2182 1319,2183 1220,2184 1211,2187 1207,2185 1207,2175"/>
        <Baseline points="820,2220 1473,2215"/>
        <Word id="region0003_line0039_word0000" custom="readingOrder {index:0;}">
          <Coords points="910,2224 910,2184 906,2187 869,2187 829,2180 829,2224 868,2224 887,2224"/>
          <TextEquiv conf="0.9308791">
            <Unicode>jene,</Unicode>
          </TextEquiv>
        </Word>
        <Word id="region0003_line0039_word0001" custom="readingOrder {index:1;}">
          <Coords points="940,2184 940,2221 992,2221 992,2184 962,2185 954,2184"/>
          <TextEquiv conf="0.93276167">
            <Unicode>hat</Unicode>
          </TextEquiv>
        </Word>
        <Word id="region0003_line0039_word0002" custom="readingOrder {index:2;}">
          <Coords points="1102,2225 1102,2185 1011,2185 1011,2223 1055,2225"/>
          <TextEquiv conf="0.91984236">
            <Unicode>weiſſe</Unicode>
          </TextEquiv>
        </Word>
        <Word id="region0003_line0039_word0003" custom="readingOrder {index:3;}">
          <Coords points="1125,2216 1258,2216 1258,2183 1220,2184 1211,2187 1207,2185 1207,2175 1200,2173 1192,2184 1169,2178 1125,2178"/>
          <TextEquiv conf="0.91984236">
            <Unicode>Blumen</Unicode>
          </TextEquiv>
        </Word>
        <Word id="region0003_line0039_word0004" custom="readingOrder {index:4;}">
          <Coords points="1283,2215 1342,2215 1342,2184 1335,2175 1326,2182 1319,2183 1283,2183"/>
          <TextEquiv conf="0.92344207">
            <Unicode>und</Unicode>
          </TextEquiv>
        </Word>
        <Word id="region0003_line0039_word0005" custom="readingOrder {index:5;}">
          <Coords points="1413,2183 1410,2185 1381,2187 1372,2184 1372,2222 1464,2222 1464,2186 1461,2186 1456,2183"/>
          <TextEquiv>
            <Unicode>weiß⸗</Unicode>
          </TextEquiv>
        </Word>
        <TextEquiv>
          <Unicode>jene, hat weiſſe Blumen und weiß⸗</Unicode>
        </TextEquiv>
      </TextLine>
      <TextLine id="region0003_line0040" custom="readingOrder {index:7;}">
        <Coords points="972,2223 956,2224 948,2228 943,2225 907,2226 901,2232 887,2225 820,2232 820,2273 831,2271 844,2274 851,2270 873,2268 904,2271 915,2275 946,2276 963,2270 990,2267 997,2267 1001,2272 1014,2267 1046,2269 1060,2266 1071,2270 1078,2266 1098,2264 1151,2267 1171,2263 1180,2268 1234,2265 1268,2268 1284,2266 1290,2270 1311,2268 1329,2271 1430,2270 1436,2275 1445,2275 1456,2269 1473,2268 1473,2232 1451,2230 1441,2225 1432,2229 1363,2229 1359,2226 1347,2229 1300,2229 1276,2228 1270,2223 1254,2223 1248,2228 1237,2229 1166,2222 1131,2222 1121,2227 1089,2228 1081,2231 1055,2226"/>
        <Baseline points="820,2263 1473,2259"/>
        <Word id="region0003_line0040_word0000" custom="readingOrder {index:0;}">
          <Coords points="909,2234 829,2234 829,2271 831,2271 844,2274 851,2270 873,2268 904,2271 909,2272"/>
          <TextEquiv conf="0.92888206">
            <Unicode>gelbe</Unicode>
          </TextEquiv>
        </Word>
        <Word id="region0003_line0040_word0001" custom="readingOrder {index:1;}">
          <Coords points="1063,2232 923,2232 923,2275 948,2275 963,2270 990,2267 997,2267 1001,2272 1014,2267 1046,2269 1060,2266 1063,2267"/>
          <TextEquiv conf="0.9240521">
            <Unicode>Fruͤchte,</Unicode>
          </TextEquiv>
        </Word>
        <Word id="region0003_line0040_word0002" custom="readingOrder {index:2;}">
          <Coords points="1187,2264 1187,2232 1085,2233 1085,2265 1088,2264 1098,2264 1111,2264 1164,2264 1171,2263 1173,2264"/>
          <TextEquiv conf="0.9134541">
            <Unicode>welche</Unicode>
          </TextEquiv>
        </Word>
        <Word id="region0003_line0040_word0003" custom="readingOrder {index:3;}">
          <Coords points="1276,2231 1206,2231 1206,2266 1234,2265 1268,2268 1276,2267"/>
          <TextEquiv conf="0.6174647">
            <Unicode>auch</Unicode>
          </TextEquiv>
        </Word>
        <Word id="region0003_line0040_word0004" custom="readingOrder {index:4;}">
          <Coords points="1293,2237 1361,2237 1361,2265 1293,2265"/>
          <TextEquiv conf="0.77253014">
            <Unicode>weit</Unicode>
          </TextEquiv>
        </Word>
        <Word id="region0003_line0040_word0005" custom="readingOrder {index:5;}">
          <Coords points="1464,2232 1382,2232 1382,2269 1456,2269 1464,2268"/>
          <TextEquiv>
            <Unicode>meh⸗</Unicode>
          </TextEquiv>
        </Word>
        <TextEquiv>
          <Unicode>gelbe Fruͤchte, welche auch weit meh⸗</Unicode>
        </TextEquiv>
      </TextLine>
      <TextLine id="region0003_line0041" custom="readingOrder {index:8;}">
        <Coords points="1098,2265 1078,2267 1071,2271 1060,2267 1046,2270 1014,2268 1001,2273 997,2268 990,2268 946,2277 915,2276 904,2272 873,2269 851,2271 844,2275 829,2272 820,2274 820,2314 906,2311 926,2315 968,2310 1001,2313 1015,2308 1038,2308 1044,2311 1085,2314 1118,2313 1144,2309 1169,2312 1182,2317 1192,2312 1204,2315 1212,2310 1224,2310 1266,2317 1289,2311 1348,2311 1371,2315 1376,2310 1375,2290 1371,2287 1354,2287 1350,2272 1311,2269 1291,2272 1284,2267 1268,2269 1234,2266 1202,2266 1193,2271 1181,2271 1171,2264 1154,2268"/>
        <Baseline points="820,2305 1376,2305"/>
        <Word id="word_1671016742937_1377" custom="readingOrder {index:0;}">
          <Coords points="830,2278 944,2278 944,2310 830,2310"/>
          <TextEquiv conf="0.9291132">
            <Unicode>lichter,</Unicode>
          </TextEquiv>
        </Word>
        <Word id="region0003_line0041_word0001" custom="readingOrder {index:1;}">
          <Coords points="1017,2278 969,2278 969,2309 1012,2309 1015,2308 1017,2308"/>
          <TextEquiv conf="0.9287172">
            <Unicode>als</Unicode>
          </TextEquiv>
        </Word>
        <Word id="region0003_line0041_word0002" custom="readingOrder {index:2;}">
          <Coords points="1076,2309 1076,2278 1033,2278 1033,2308 1038,2308 1040,2309"/>
          <TextEquiv conf="0.93208575">
            <Unicode>die</Unicode>
          </TextEquiv>
        </Word>
        <Word id="region0003_line0041_word0003" custom="readingOrder {index:3;}">
          <Coords points="1237,2273 1092,2274 1092,2313 1118,2313 1144,2309 1169,2312 1182,2317 1192,2312 1204,2315 1212,2310 1224,2310 1237,2312"/>
          <TextEquiv conf="0.931376">
            <Unicode>Erdaͤpfel</Unicode>
          </TextEquiv>
        </Word>
        <Word id="word_1671016742937_1379" custom="readingOrder {index:4;}">
          <Coords points="1261,2276 1334,2276 1334,2310 1261,2310"/>
          <TextEquiv conf="0.92432845">
            <Unicode>ſind.</Unicode>
          </TextEquiv>
        </Word>
        <TextEquiv conf="0.9291241">
          <Unicode>lichter, als die Erdaͤpfel ſind.</Unicode>
        </TextEquiv>
      </TextLine>
      <TextEquiv>
        <Unicode>Erdbirn, Grundbirn, Kar⸗
toffel, Tartuͤffel, iſt eine Frucht
faſt wie die Erdaͤpfel, daher ſie auch
an verſchiedenen Orten, wiewohl
faͤlſchlich Erdaͤpfel genennt wird. Sie
treibt aber nicht ſo lange Staͤngel, als
jene, hat weiſſe Blumen und weiß⸗
gelbe Fruͤchte, welche auch weit meh⸗
lichter, als die Erdaͤpfel ſind.</Unicode>
      </TextEquiv>
    </TextRegion>
    <TextRegion orientation="0.100059934" readingDirection="left-to-right" id="TextRegion_1671016759256_1393" custom="readingOrder {index:15;}">
      <Coords points="820,2310 1474,2310 1474,2740 820,2740"/>
      <TextLine id="region0003_line0042" custom="readingOrder {index:0;}">
        <Coords points="1396,2304 1380,2306 1375,2318 1348,2312 1289,2312 1265,2318 1224,2311 1212,2311 1204,2316 1192,2313 1182,2318 1169,2313 1144,2310 1118,2314 1052,2315 1038,2309 1015,2309 1001,2314 980,2311 943,2312 926,2316 906,2312 836,2313 830,2316 830,2331 824,2337 824,2355 829,2360 839,2360 846,2355 853,2355 860,2360 912,2360 929,2355 947,2355 953,2358 971,2354 977,2358 990,2358 1035,2356 1045,2352 1053,2352 1060,2356 1084,2355 1088,2352 1099,2355 1128,2351 1139,2355 1205,2358 1257,2358 1271,2355 1279,2359 1295,2359 1302,2363 1316,2363 1326,2359 1377,2361 1422,2352 1473,2354 1473,2314 1460,2314 1455,2309 1445,2309 1438,2314 1432,2304"/>
        <Baseline points="824,2351 1473,2344"/>
        <Word id="region0003_line0042_word0000" custom="readingOrder {index:0;}">
          <Coords points="872,2319 932,2319 932,2352 872,2352"/>
          <TextEquiv conf="0.9291213">
            <Unicode>Die</Unicode>
          </TextEquiv>
        </Word>
        <Word id="region0003_line0042_word0001" custom="readingOrder {index:1;}">
          <Coords points="1092,2316 946,2316 946,2354 971,2354 1040,2354 1045,2352 1053,2352 1056,2354 1085,2354 1088,2352 1092,2353"/>
          <TextEquiv conf="0.927996">
            <Unicode>Erdbirn,</Unicode>
          </TextEquiv>
        </Word>
        <Word id="region0003_line0042_word0002" custom="readingOrder {index:2;}">
          <Coords points="1120,2317 1120,2347 1185,2347 1185,2317 1184,2317 1182,2318 1179,2317"/>
          <TextEquiv conf="0.9222074">
            <Unicode>oder</Unicode>
          </TextEquiv>
        </Word>
        <Word id="region0003_line0042_word0003" custom="readingOrder {index:3;}">
          <Coords points="1203,2316 1203,2357 1261,2357 1271,2355 1275,2357 1382,2357 1382,2316 1375,2316 1375,2318 1366,2316 1273,2316 1265,2318 1253,2316 1204,2316"/>
          <TextEquiv>
            <Unicode>Kartoffeln,</Unicode>
          </TextEquiv>
        </Word>
        <Word id="region0003_line0042_word0004" custom="readingOrder {index:4;}">
          <Coords points="1465,2315 1405,2315 1405,2354 1412,2354 1422,2352 1465,2353"/>
          <TextEquiv conf="0.92122835">
            <Unicode>ſind</Unicode>
          </TextEquiv>
        </Word>
        <TextEquiv>
          <Unicode>Die Erdbirn, oder Kartoffeln, ſind</Unicode>
        </TextEquiv>
      </TextLine>
      <TextLine id="region0003_line0043" custom="readingOrder {index:1;}">
        <Coords points="1045,2353 1037,2358 977,2359 971,2355 963,2355 953,2359 947,2356 929,2356 912,2361 860,2361 853,2356 846,2356 839,2361 820,2361 820,2401 844,2402 857,2393 864,2397 864,2402 876,2398 902,2401 913,2398 960,2398 981,2405 1012,2396 1022,2399 1202,2398 1214,2404 1221,2399 1232,2402 1278,2398 1366,2401 1444,2397 1457,2392 1473,2396 1473,2360 1457,2359 1446,2354 1422,2353 1377,2362 1324,2361 1302,2364 1279,2362 1271,2356 1245,2361 1199,2357 1161,2358 1133,2355 1128,2352 1109,2355 1088,2353 1084,2356 1069,2357"/>
        <Baseline points="820,2391 1473,2386"/>
        <Word id="region0003_line0043_word0000" custom="readingOrder {index:0;}">
          <Coords points="840,2360 839,2361 829,2361 829,2401 844,2402 857,2393 864,2397 864,2402 876,2398 902,2401 913,2398 960,2398 972,2402 991,2402 992,2402 992,2360 915,2360 912,2361 860,2361 859,2360"/>
          <TextEquiv conf="0.93057096">
            <Unicode>eigentlich,</Unicode>
          </TextEquiv>
        </Word>
        <Word id="region0003_line0043_word0001" custom="readingOrder {index:1;}">
          <Coords points="1014,2362 1068,2362 1068,2395 1014,2395"/>
          <TextEquiv conf="0.93035215">
            <Unicode>wie</Unicode>
          </TextEquiv>
        </Word>
        <Word id="region0003_line0043_word0002" custom="readingOrder {index:2;}">
          <Coords points="1081,2360 1081,2399 1202,2398 1204,2399 1221,2399 1221,2399 1221,2399 1223,2399 1223,2359 1222,2359"/>
          <TextEquiv conf="0.9290899">
            <Unicode>bekannt,</Unicode>
          </TextEquiv>
        </Word>
        <Word id="region0003_line0043_word0003" custom="readingOrder {index:3;}">
          <Coords points="1247,2361 1247,2393 1307,2393 1307,2363 1302,2364 1279,2362 1277,2361"/>
          <TextEquiv conf="0.93057114">
            <Unicode>eine</Unicode>
          </TextEquiv>
        </Word>
        <Word id="region0003_line0043_word0004" custom="readingOrder {index:4;}">
          <Coords points="1466,2393 1466,2360 1387,2360 1377,2362 1325,2361 1325,2393 1454,2393 1457,2392 1461,2393"/>
          <TextEquiv>
            <Unicode>amerika⸗</Unicode>
          </TextEquiv>
        </Word>
        <TextEquiv>
          <Unicode>eigentlich, wie bekannt, eine amerika⸗</Unicode>
        </TextEquiv>
      </TextLine>
      <TextLine id="region0003_line0044" custom="readingOrder {index:2;}">
        <Coords points="857,2394 843,2405 820,2405 820,2443 852,2444 867,2451 877,2446 891,2450 899,2443 922,2447 934,2445 938,2448 963,2448 1002,2440 1017,2446 1031,2441 1043,2442 1048,2439 1069,2437 1084,2442 1164,2440 1184,2449 1194,2445 1223,2443 1299,2449 1305,2444 1332,2447 1346,2441 1382,2439 1400,2445 1473,2441 1473,2400 1462,2393 1444,2398 1347,2403 1334,2399 1317,2402 1287,2399 1255,2400 1245,2405 1233,2405 1226,2400 1214,2405 1202,2399 1173,2399 1163,2402 1122,2397 1106,2401 1072,2401 1022,2400 1016,2397 981,2406 960,2399 913,2399 906,2402 876,2399 864,2403 863,2397"/>
        <Baseline points="820,2434 1145,2431 1288,2440 1473,2430"/>
        <Word id="region0003_line0044_word0000" custom="readingOrder {index:0;}">
          <Coords points="854,2396 843,2405 829,2405 829,2443 852,2444 856,2446 877,2446 895,2446 899,2443 916,2446 918,2446 918,2399 913,2399 906,2402 876,2399 864,2403 863,2397 861,2396"/>
          <TextEquiv conf="0.92824256">
            <Unicode>niſche</Unicode>
          </TextEquiv>
        </Word>
        <Word id="region0003_line0044_word0001" custom="readingOrder {index:1;}">
          <Coords points="934,2404 934,2445 935,2446 972,2446 1002,2440 1017,2446 1031,2441 1043,2442 1048,2439 1051,2438 1051,2404 988,2404 981,2406 975,2404"/>
          <TextEquiv conf="0.93150175">
            <Unicode>Frucht,</Unicode>
          </TextEquiv>
        </Word>
        <Word id="region0003_line0044_word0002" custom="readingOrder {index:2;}">
          <Coords points="1074,2407 1132,2406 1132,2435 1074,2436"/>
          <TextEquiv conf="0.92409325">
            <Unicode>und</Unicode>
          </TextEquiv>
        </Word>
        <Word id="region0003_line0044_word0003" custom="readingOrder {index:3;}">
          <Coords points="1201,2444 1201,2406 1149,2406 1149,2440 1164,2440 1172,2444"/>
          <TextEquiv conf="0.9241113">
            <Unicode>erſt</Unicode>
          </TextEquiv>
        </Word>
        <Word id="region0003_line0044_word0004" custom="readingOrder {index:4;}">
          <Coords points="1218,2406 1256,2406 1256,2436 1218,2436"/>
          <TextEquiv conf="0.9299968">
            <Unicode>im</Unicode>
          </TextEquiv>
        </Word>
        <Word id="region0003_line0044_word0005" custom="readingOrder {index:5;}">
          <Coords points="1369,2405 1274,2405 1274,2442 1343,2442 1346,2441 1369,2439"/>
          <TextEquiv conf="0.92420405">
            <Unicode>Jahre</Unicode>
          </TextEquiv>
        </Word>
        <Word id="region0003_line0044_word0006" custom="readingOrder {index:6;}">
          <Coords points="1465,2402 1386,2402 1386,2440 1394,2443 1436,2443 1465,2441"/>
          <TextEquiv conf="0.915245">
            <Unicode>1586</Unicode>
          </TextEquiv>
        </Word>
        <TextEquiv conf="0.9253421">
          <Unicode>niſche Frucht, und erſt im Jahre 1586</Unicode>
        </TextEquiv>
      </TextLine>
      <TextLine id="region0003_line0045" custom="readingOrder {index:3;}">
        <Coords points="1069,2438 1048,2440 1043,2443 1031,2442 1017,2447 1002,2441 963,2449 938,2449 934,2446 922,2448 899,2444 891,2451 877,2448 867,2452 852,2445 820,2444 820,2485 866,2486 879,2489 901,2489 909,2486 923,2489 1000,2486 1010,2489 1044,2483 1059,2486 1110,2482 1120,2483 1135,2491 1144,2488 1165,2491 1183,2487 1247,2490 1266,2485 1279,2488 1315,2488 1338,2483 1346,2487 1386,2488 1429,2481 1451,2485 1473,2482 1473,2442 1400,2446 1382,2440 1346,2442 1332,2448 1305,2445 1299,2450 1223,2444 1184,2450 1171,2447 1164,2441 1147,2440 1129,2441 1124,2446 1113,2446 1108,2441 1096,2442 1090,2447 1085,2447 1082,2441"/>
        <Baseline points="820,2477 1263,2479 1473,2472"/>
        <Word id="region0003_line0045_word0000" custom="readingOrder {index:0;}">
          <Coords points="829,2448 829,2485 915,2485 915,2448 894,2448 891,2451 877,2448 867,2452 858,2448"/>
          <TextEquiv conf="0.8991279">
            <Unicode>durch</Unicode>
          </TextEquiv>
        </Word>
        <Word id="region0003_line0045_word0001" custom="readingOrder {index:1;}">
          <Coords points="931,2448 931,2479 983,2479 983,2448 967,2448 963,2449 938,2449 936,2448"/>
          <TextEquiv conf="0.930897">
            <Unicode>den</Unicode>
          </TextEquiv>
        </Word>
        <Word id="region0003_line0045_word0002" custom="readingOrder {index:2;}">
          <Coords points="1000,2443 1000,2486 1028,2486 1044,2483 1058,2486 1063,2486 1110,2482 1120,2483 1125,2485 1208,2485 1208,2446 1184,2450 1171,2447 1165,2442 1128,2442 1124,2446 1113,2446 1109,2442 1095,2443 1090,2447 1085,2447 1083,2443 1043,2443 1043,2443 1041,2443 1029,2443 1017,2447 1007,2443"/>
          <TextEquiv conf="0.9281143">
            <Unicode>hollaͤndiſchen</Unicode>
          </TextEquiv>
        </Word>
        <Word id="region0003_line0045_word0003" custom="readingOrder {index:3;}">
          <Coords points="1242,2447 1242,2481 1358,2481 1358,2447 1334,2447 1332,2448 1323,2447 1302,2447 1299,2450 1261,2447"/>
          <TextEquiv conf="0.8864838">
            <Unicode>Admiral</Unicode>
          </TextEquiv>
        </Word>
        <Word id="region0003_line0045_word0004" custom="readingOrder {index:4;}">
          <Coords points="1379,2446 1379,2482 1422,2482 1429,2481 1434,2482 1466,2482 1466,2446 1400,2446"/>
          <TextEquiv conf="0.8864838">
            <Unicode>Franz</Unicode>
          </TextEquiv>
        </Word>
        <TextEquiv conf="0.90622133">
          <Unicode>durch den hollaͤndiſchen Admiral Franz</Unicode>
        </TextEquiv>
      </TextLine>
      <TextLine id="region0003_line0046" custom="readingOrder {index:4;}">
        <Coords points="1044,2484 1010,2490 954,2491 923,2490 917,2487 889,2491 866,2487 820,2486 821,2531 907,2532 913,2529 937,2528 945,2531 950,2528 977,2527 999,2530 1044,2526 1051,2534 1062,2528 1097,2532 1142,2531 1160,2528 1173,2536 1181,2532 1220,2531 1228,2523 1232,2523 1236,2527 1237,2536 1243,2536 1252,2531 1366,2529 1379,2528 1390,2523 1409,2523 1413,2526 1474,2524 1471,2486 1431,2484 1363,2489 1331,2484 1301,2490 1266,2486 1237,2492 1135,2492 1125,2490 1120,2484 1110,2483 1059,2487"/>
        <Baseline points="821,2523 1253,2522 1473,2514"/>
        <Word id="region0003_line0046_word0000" custom="readingOrder {index:0;}">
          <Coords points="953,2492 827,2492 827,2531 907,2532 913,2529 937,2528 945,2531 950,2528 953,2527"/>
          <TextEquiv conf="0.92092407">
            <Unicode>Drake,</Unicode>
          </TextEquiv>
        </Word>
        <Word id="region0003_line0046_word0001" custom="readingOrder {index:1;}">
          <Coords points="1061,2492 991,2492 991,2529 999,2530 1044,2526 1047,2530 1058,2530 1061,2528"/>
          <TextEquiv conf="0.9318943">
            <Unicode>nach</Unicode>
          </TextEquiv>
        </Word>
        <Word id="region0003_line0046_word0002" custom="readingOrder {index:2;}">
          <Coords points="1083,2492 1084,2531 1097,2532 1142,2531 1160,2528 1167,2532 1181,2532 1181,2532 1208,2531 1207,2492 1135,2492 1133,2492"/>
          <TextEquiv>
            <Unicode>Europa</Unicode>
          </TextEquiv>
        </Word>
        <Word id="region0003_line0046_word0003" custom="readingOrder {index:3;}">
          <Coords points="1360,2491 1241,2491 1237,2492 1229,2492 1229,2523 1232,2523 1236,2527 1236,2530 1309,2530 1360,2529"/>
          <TextEquiv conf="0.7059016">
            <Unicode>gebracht</Unicode>
          </TextEquiv>
        </Word>
        <Word id="region0003_line0046_word0004" custom="readingOrder {index:4;}">
          <Coords points="1388,2498 1465,2498 1466,2522 1389,2522"/>
          <TextEquiv>
            <Unicode>wor⸗</Unicode>
          </TextEquiv>
        </Word>
        <TextEquiv>
          <Unicode>Drake, nach Europa gebracht wor⸗</Unicode>
        </TextEquiv>
      </TextLine>
      <TextLine id="region0003_line0047" custom="readingOrder {index:5;}">
        <Coords points="1228,2524 1220,2535 1181,2533 1173,2537 1160,2529 1117,2534 1062,2529 1051,2535 1044,2527 1023,2527 1017,2533 995,2533 986,2528 950,2529 945,2532 937,2529 913,2530 906,2535 826,2531 821,2532 821,2574 843,2575 848,2572 859,2572 863,2575 872,2572 909,2571 970,2577 994,2571 1020,2570 1028,2573 1038,2570 1054,2574 1144,2573 1158,2579 1180,2572 1194,2575 1301,2573 1307,2572 1314,2564 1319,2564 1324,2570 1331,2572 1399,2567 1432,2568 1444,2565 1474,2568 1474,2525 1452,2524 1442,2528 1414,2528 1409,2524 1390,2524 1379,2529 1254,2533 1237,2537 1235,2527"/>
        <Baseline points="821,2564 1194,2566 1474,2558"/>
        <Word id="region0003_line0047_word0000" custom="readingOrder {index:0;}">
          <Coords points="830,2535 893,2535 893,2568 830,2568"/>
          <TextEquiv conf="0.9253009">
            <Unicode>den.</Unicode>
          </TextEquiv>
        </Word>
        <Word id="region0003_line0047_word0001" custom="readingOrder {index:1;}">
          <Coords points="940,2534 1000,2534 1000,2570 940,2570"/>
          <TextEquiv conf="0.9254813">
            <Unicode>Sie</Unicode>
          </TextEquiv>
        </Word>
        <Word id="region0003_line0047_word0002" custom="readingOrder {index:2;}">
          <Coords points="1023,2533 1023,2571 1034,2571 1038,2570 1042,2571 1083,2571 1083,2533 1054,2533 1051,2535 1049,2533"/>
          <TextEquiv conf="0.92630225">
            <Unicode>ſind</Unicode>
          </TextEquiv>
        </Word>
        <Word id="region0003_line0047_word0003" custom="readingOrder {index:3;}">
          <Coords points="1106,2534 1106,2572 1183,2571 1183,2533 1181,2533 1181,2533 1173,2537 1167,2533 1118,2534 1117,2534 1116,2534"/>
          <TextEquiv conf="0.75356585">
            <Unicode>nicht</Unicode>
          </TextEquiv>
        </Word>
        <Word id="region0003_line0047_word0004" custom="readingOrder {index:4;}">
          <Coords points="1198,2566 1252,2566 1252,2533 1237,2537 1235,2527 1228,2524 1220,2535 1198,2533"/>
          <TextEquiv conf="0.9236922">
            <Unicode>nur</Unicode>
          </TextEquiv>
        </Word>
        <Word id="region0003_line0047_word0005" custom="readingOrder {index:5;}">
          <Coords points="1368,2569 1368,2541 1270,2541 1270,2569 1309,2569 1314,2564 1319,2564 1323,2569"/>
          <TextEquiv conf="0.9289017">
            <Unicode>wegen</Unicode>
          </TextEquiv>
        </Word>
        <Word id="region0003_line0047_word0006" custom="readingOrder {index:6;}">
          <Coords points="1386,2533 1466,2533 1466,2565 1386,2565"/>
          <TextEquiv conf="0.9249807">
            <Unicode>ihres</Unicode>
          </TextEquiv>
        </Word>
        <TextEquiv conf="0.90117496">
          <Unicode>den. Sie ſind nicht nur wegen ihres</Unicode>
        </TextEquiv>
      </TextLine>
      <TextLine id="region0003_line0048" custom="readingOrder {index:6;}">
        <Coords points="1314,2565 1307,2573 1281,2576 1233,2574 1195,2578 1191,2574 1180,2573 1171,2578 1158,2580 1144,2574 1071,2576 1038,2571 1028,2574 1020,2571 994,2572 970,2578 909,2572 872,2573 863,2576 859,2573 848,2573 841,2577 821,2577 821,2618 883,2621 895,2624 901,2621 922,2621 929,2617 951,2618 964,2615 970,2618 1006,2619 1012,2615 1031,2617 1042,2614 1049,2618 1062,2613 1073,2617 1075,2621 1087,2621 1100,2615 1133,2618 1186,2614 1230,2614 1234,2617 1265,2614 1312,2616 1323,2620 1340,2616 1349,2610 1391,2612 1411,2607 1427,2607 1441,2612 1450,2609 1474,2611 1474,2575 1466,2567 1444,2566 1421,2570 1399,2568 1394,2572 1370,2574 1331,2573 1324,2571 1319,2565"/>
        <Baseline points="821,2608 1474,2601"/>
        <Word id="region0003_line0048_word0000" custom="readingOrder {index:0;}">
          <Coords points="842,2576 841,2577 829,2577 829,2617 929,2617 955,2617 964,2615 968,2617 985,2617 985,2576 978,2576 970,2578 949,2576 863,2576"/>
          <TextEquiv conf="0.9231384">
            <Unicode>vielſachen</Unicode>
          </TextEquiv>
        </Word>
        <Word id="region0003_line0048_word0001" custom="readingOrder {index:1;}">
          <Coords points="1005,2575 1005,2615 1039,2615 1042,2614 1043,2615 1058,2615 1062,2613 1066,2615 1146,2614 1146,2575 1144,2574 1143,2574 1071,2576 1062,2575"/>
          <TextEquiv conf="0.91863394">
            <Unicode>Nuzzens</Unicode>
          </TextEquiv>
        </Word>
        <Word id="region0003_line0048_word0002" custom="readingOrder {index:2;}">
          <Coords points="1179,2576 1179,2608 1209,2608 1209,2576 1195,2578 1193,2576"/>
          <TextEquiv conf="0.93135697">
            <Unicode>in</Unicode>
          </TextEquiv>
        </Word>
        <Word id="region0003_line0048_word0003" custom="readingOrder {index:3;}">
          <Coords points="1237,2578 1279,2578 1279,2607 1237,2607"/>
          <TextEquiv conf="0.92382264">
            <Unicode>der</Unicode>
          </TextEquiv>
        </Word>
        <Word id="region0003_line0048_word0004" custom="readingOrder {index:4;}">
          <Coords points="1313,2566 1307,2573 1305,2573 1305,2614 1343,2614 1349,2610 1391,2612 1411,2607 1427,2607 1441,2612 1450,2609 1467,2610 1467,2568 1466,2567 1444,2566 1421,2570 1399,2568 1394,2572 1370,2574 1331,2573 1324,2571 1319,2566"/>
          <TextEquiv>
            <Unicode>Haushal⸗</Unicode>
          </TextEquiv>
        </Word>
        <TextEquiv>
          <Unicode>vielſachen Nuzzens in der Haushal⸗</Unicode>
        </TextEquiv>
      </TextLine>
      <TextLine id="region0003_line0049" custom="readingOrder {index:7;}">
        <Coords points="1411,2608 1401,2612 1399,2616 1369,2616 1364,2611 1349,2611 1340,2617 1323,2621 1312,2617 1265,2615 1237,2618 1230,2615 1186,2615 1174,2616 1168,2620 1113,2619 1100,2616 1087,2622 1075,2622 1073,2618 1062,2614 1050,2619 1042,2615 1031,2618 1012,2616 1006,2620 971,2620 964,2616 951,2619 929,2618 922,2622 901,2622 895,2625 883,2622 821,2619 821,2661 874,2663 887,2655 894,2660 896,2666 901,2666 907,2661 925,2659 930,2662 937,2659 956,2659 965,2664 1001,2660 1017,2664 1032,2660 1075,2659 1082,2654 1095,2662 1121,2660 1161,2665 1193,2663 1205,2658 1216,2661 1289,2656 1313,2658 1331,2654 1352,2657 1376,2652 1390,2652 1405,2658 1414,2658 1420,2653 1436,2655 1442,2652 1474,2655 1474,2613 1461,2613 1455,2610 1436,2613 1427,2608"/>
        <Baseline points="821,2651 1184,2653 1474,2645"/>
        <Word id="region0003_line0049_word0000" custom="readingOrder {index:0;}">
          <Coords points="829,2622 829,2657 883,2657 887,2655 889,2657 902,2657 902,2622 901,2622 895,2625 883,2622"/>
          <TextEquiv conf="0.92339873">
            <Unicode>tung</Unicode>
          </TextEquiv>
        </Word>
        <Word id="region0003_line0049_word0001" custom="readingOrder {index:1;}">
          <Coords points="955,2618 951,2619 929,2618 928,2618 928,2658 987,2658 987,2620 971,2620 967,2618"/>
          <TextEquiv conf="0.93184775">
            <Unicode>ſehr</Unicode>
          </TextEquiv>
        </Word>
        <Word id="region0003_line0049_word0002" custom="readingOrder {index:2;}">
          <Coords points="1060,2614 1050,2619 1042,2615 1031,2618 1012,2616 1010,2617 1010,2658 1076,2657 1082,2654 1087,2657 1167,2657 1167,2619 1113,2619 1100,2616 1087,2622 1075,2622 1073,2618 1063,2614"/>
          <TextEquiv conf="0.9274132">
            <Unicode>ſchaͤtzbar;</Unicode>
          </TextEquiv>
        </Word>
        <Word id="region0003_line0049_word0003" custom="readingOrder {index:3;}">
          <Coords points="1210,2619 1210,2653 1327,2653 1327,2620 1323,2621 1317,2619"/>
          <TextEquiv conf="0.7781274">
            <Unicode>ſondern</Unicode>
          </TextEquiv>
        </Word>
        <Word id="region0003_line0049_word0004" custom="readingOrder {index:4;}">
          <Coords points="1382,2617 1347,2617 1347,2655 1361,2655 1376,2652 1382,2652"/>
          <TextEquiv conf="0.92740387">
            <Unicode>ſie</Unicode>
          </TextEquiv>
        </Word>
        <Word id="region0003_line0049_word0005" custom="readingOrder {index:5;}">
          <Coords points="1469,2616 1406,2616 1406,2655 1417,2655 1420,2653 1436,2655 1442,2652 1469,2654"/>
          <TextEquiv>
            <Unicode>ſind</Unicode>
          </TextEquiv>
        </Word>
        <TextEquiv>
          <Unicode>tung ſehr ſchaͤtzbar; ſondern ſie ſind</Unicode>
        </TextEquiv>
      </TextLine>
      <TextLine id="region0003_line0050" custom="readingOrder {index:8;}">
        <Coords points="1376,2653 1352,2658 1344,2655 1331,2655 1323,2659 1261,2658 1256,2660 1254,2666 1245,2662 1216,2662 1210,2659 1186,2665 1096,2665 1090,2658 1082,2655 1075,2660 1032,2661 1017,2665 1001,2661 965,2665 956,2660 937,2660 933,2663 925,2660 907,2662 901,2667 896,2667 893,2660 885,2656 874,2664 821,2664 821,2701 862,2703 879,2706 882,2709 893,2707 896,2703 973,2705 1015,2701 1023,2705 1044,2705 1052,2701 1080,2701 1091,2708 1096,2705 1110,2704 1118,2695 1123,2696 1131,2704 1149,2700 1157,2708 1167,2708 1184,2703 1224,2702 1233,2693 1243,2702 1254,2704 1287,2702 1304,2697 1324,2700 1333,2705 1370,2696 1380,2701 1387,2698 1474,2698 1474,2658 1442,2653 1436,2656 1420,2654 1417,2658 1405,2659 1390,2653"/>
        <Baseline points="821,2693 1474,2688"/>
        <Word id="region0003_line0050_word0000" custom="readingOrder {index:0;}">
          <Coords points="899,2702 899,2667 896,2667 893,2660 885,2656 874,2664 828,2664 828,2701 841,2702"/>
          <TextEquiv conf="0.9141644">
            <Unicode>auch</Unicode>
          </TextEquiv>
        </Word>
        <Word id="region0003_line0050_word0001" custom="readingOrder {index:1;}">
          <Coords points="923,2663 923,2703 934,2704 983,2704 1015,2701 1021,2704 1046,2704 1052,2701 1057,2701 1057,2663 1024,2663 1017,2665 1009,2663 983,2663 965,2665 961,2663 933,2663"/>
          <TextEquiv conf="0.54727054">
            <Unicode>uͤberdieß</Unicode>
          </TextEquiv>
        </Word>
        <Word id="region0003_line0050_word0002" custom="readingOrder {index:2;}">
          <Coords points="1081,2701 1103,2701 1103,2665 1096,2665 1090,2658 1082,2655 1081,2655"/>
          <TextEquiv>
            <Unicode>ſo</Unicode>
          </TextEquiv>
        </Word>
        <Word id="region0003_line0050_word0003" custom="readingOrder {index:3;}">
          <Coords points="1190,2664 1186,2665 1126,2665 1126,2699 1128,2701 1144,2701 1149,2700 1150,2701 1225,2701 1233,2693 1241,2701 1267,2701 1267,2664 1254,2664 1254,2666 1249,2664"/>
          <TextEquiv>
            <Unicode>ergiebig,</Unicode>
          </TextEquiv>
        </Word>
        <Word id="region0003_line0050_word0004" custom="readingOrder {index:4;}">
          <Coords points="1348,2664 1292,2664 1292,2700 1304,2697 1324,2700 1329,2703 1341,2703 1348,2701"/>
          <TextEquiv conf="0.92341214">
            <Unicode>daß</Unicode>
          </TextEquiv>
        </Word>
        <Word id="region0003_line0050_word0005" custom="readingOrder {index:5;}">
          <Coords points="1409,2662 1372,2662 1372,2697 1378,2700 1382,2700 1387,2698 1409,2698"/>
          <TextEquiv conf="0.9275692">
            <Unicode>ſie</Unicode>
          </TextEquiv>
        </Word>
        <Word id="region0003_line0050_word0006" custom="readingOrder {index:6;}">
          <Coords points="1423,2663 1467,2663 1467,2694 1423,2694"/>
          <TextEquiv conf="0.930925">
            <Unicode>die</Unicode>
          </TextEquiv>
        </Word>
        <TextEquiv>
          <Unicode>auch uͤberdieß ſo ergiebig, daß ſie die</Unicode>
        </TextEquiv>
      </TextLine>
      <TextLine id="line_1671016759357_1396" custom="readingOrder {index:9;}">
        <Coords points="821,2702 862,2704 883,2710 893,2708 896,2704 911,2704 916,2708 996,2708 1005,2702 1015,2702 1024,2708 1032,2708 1034,2705 1044,2706 1052,2702 1080,2702 1091,2709 1109,2706 1118,2696 1123,2697 1132,2706 1149,2701 1157,2709 1167,2709 1192,2704 1220,2705 1233,2694 1244,2704 1254,2705 1313,2698 1333,2706 1344,2702 1355,2703 1370,2697 1380,2702 1474,2702 1474,2740 821,2740"/>
        <Baseline points="821,2738 1098,2740"/>
        <Word id="word_1671016759358_1398" custom="readingOrder {index:0;}">
          <Coords points="826,2704 862,2704 883,2710 893,2708 896,2704 911,2704 916,2708 960,2708 960,2740 826,2740"/>
          <TextEquiv conf="0.9316126">
            <Unicode>Ausſaat</Unicode>
          </TextEquiv>
        </Word>
        <Word id="word_1671016759358_1400" custom="readingOrder {index:1;}">
          <Coords points="983,2708 996,2708 1000,2705 1019,2705 1024,2708 1026,2708 1026,2740 983,2740"/>
          <TextEquiv conf="0.9246737">
            <Unicode>oſt</Unicode>
          </TextEquiv>
        </Word>
        <Word id="region0003_line0051_word0002" custom="readingOrder {index:2;}">
          <Coords points="1047,2739 1123,2738 1123,2697 1118,2696 1109,2706 1091,2709 1080,2702 1052,2702 1047,2704"/>
          <TextEquiv conf="0.9276139">
            <Unicode>uͤber</Unicode>
          </TextEquiv>
        </Word>
        <Word id="word_1671016759358_1402" custom="readingOrder {index:3;}">
          <Coords points="1138,2704 1149,2701 1157,2709 1167,2709 1192,2704 1220,2705 1233,2694 1244,2704 1254,2705 1312,2698 1312,2740 1138,2740"/>
          <TextEquiv conf="0.65540695">
            <Unicode>funſzigmal</Unicode>
          </TextEquiv>
        </Word>
        <Word id="word_1671016759358_1404" custom="readingOrder {index:4;}">
          <Coords points="1332,2705 1333,2706 1344,2702 1355,2703 1357,2702 1468,2702 1468,2740 1332,2740"/>
          <TextEquiv conf="0.8054488">
            <Unicode>erſezzen.</Unicode>
          </TextEquiv>
        </Word>
        <TextEquiv conf="0.84895116">
          <Unicode>Ausſaat oſt uͤber funſzigmal erſezzen.</Unicode>
        </TextEquiv>
      </TextLine>
      <TextEquiv>
        <Unicode>Die Erdbirn, oder Kartoffeln, ſind
eigentlich, wie bekannt, eine amerika⸗
niſche Frucht, und erſt im Jahre 1586
durch den hollaͤndiſchen Admiral Franz
Drake, nach Europa gebracht wor⸗
den. Sie ſind nicht nur wegen ihres
vielſachen Nuzzens in der Haushal⸗
tung ſehr ſchaͤtzbar; ſondern ſie ſind
auch uͤberdieß ſo ergiebig, daß ſie die
Ausſaat oſt uͤber funſzigmal erſezzen.</Unicode>
      </TextEquiv>
    </TextRegion>
    <TextRegion orientation="0.100059934" type="catch-word" readingDirection="left-to-right" id="TextRegion_1671016759256_1392" custom="readingOrder {index:16;} structure {type:catch-word;}">
      <Coords points="820,2740 1474,2740 1474,2785 820,2785"/>
      <TextLine id="region0003_line0052" custom="readingOrder {index:0;}">
        <Coords points="1424,2742 1402,2745 1397,2750 1396,2757 1365,2758 1362,2762 1363,2783 1474,2784 1474,2745"/>
        <Baseline points="1363,2776 1474,2775"/>
        <Word id="region0003_line0052_word0000" custom="readingOrder {index:0;}">
          <Coords points="1469,2753 1408,2753 1408,2783 1469,2783"/>
          <TextEquiv conf="0.7545631">
            <Unicode>Um</Unicode>
          </TextEquiv>
        </Word>
        <TextEquiv conf="0.7545631">
          <Unicode>Um</Unicode>
        </TextEquiv>
      </TextLine>
      <TextEquiv>
        <Unicode>Um</Unicode>
      </TextEquiv>
    </TextRegion>
  </Page>
</PcGts>
