1519 2295
475 345 549 380 208

744 341 867 381 Eines
881 340 956 384 Br.
964 340 1058 382 R.u.
1066 344 1115 390 H.

474 409 663 473 Heilige
675 408 809 475 Geiſt
821 413 868 468 in
879 412 970 470 mir
982 413 1077 466 und
1097 415 1216 469 allen
1235 414 1393 473 denen,

472 479 545 530 die
576 478 703 541 nicht
736 480 1024 544 muthwillig
1058 480 1392 547 widerſtreben,

470 548 561 601 wie
573 548 643 597 die
655 548 882 609 gottloſen
893 548 1071 611 Juͤden,
1080 551 1247 609 Matth.
1257 561 1391 611 23,37.

468 614 547 670 Ap.
562 609 780 669 Geſch.7,
759 608 820 665 51.
844 612 916 669 Pſ.
917 610 1042 670 113,
1016 602 1082 676 46.
1119 597 1392 677 vermittelſt

458 662 558 731 des
569 674 753 729 Worts
765 677 850 728 des
861 674 1127 739 Evangelii,
1136 674 1210 737 den
1231 674 1393 732 Glau⸗

468 741 558 794 ben
577 734 781 801 wircken,
815 741 913 793 und
932 743 1050 801 mich
1071 742 1120 795 in
1139 738 1448 806 demſelben

471 809 554 865 bis
583 820 647 865 an
674 809 796 864 mein
821 807 984 875 ſeliges
1012 812 1148 868 Ende
1178 813 1392 877 erhalten

429 868 624 935 wolle.
657 881 738 940 Ap.
748 878 884 940 Geſch.
902 875 956 939 17,
965 891 1018 939 31.
1052 891 1082 929 1.
1091 881 1207 940 Petr.
1228 893 1254 937 5,
1261 893 1327 931 10.

870 966 902 1014 §.
928 978 972 1016 17.

538 1019 680 1062 Anbey
699 1019 803 1060 weiß
818 1019 908 1054 und
922 1019 1091 1056 bekenne
1099 1019 1171 1065 ich,
1204 1019 1301 1069 daß
1313 1019 1392 1060 der

467 1087 670 1149 Glaube
690 1103 753 1142 an
774 1088 1015 1152 Chriſtum
1035 1087 1131 1146 und
1149 1087 1240 1151 ſein
1260 1091 1390 1154 Ver⸗

467 1156 624 1219 dienſt,
667 1158 758 1211 mir
789 1158 959 1222 bringe
986 1158 1285 1222 Vergebung
1311 1163 1391 1217 der

452 1225 702 1284 Suͤnden,
744 1227 919 1281 Leben
947 1231 1044 1281 und
1072 1226 1391 1289 Seligkeit,

459 1284 603 1337 Roͤm.
621 1291 659 1336 8,
664 1295 739 1338 23.
754 1297 822 1339 24.
838 1297 897 1340 25.
978 1285 1087 1341 Daß
1126 1293 1227 1339 aber
1265 1287 1390 1341 dieſer

463 1341 648 1392 Glaube,
679 1350 798 1387 wenn
819 1351 864 1387 er
886 1342 1041 1395 rechter
1064 1333 1151 1392 Art
1173 1342 1265 1400 ſeyn
1289 1343 1390 1399 ſolle,

464 1396 572 1445 nicht
587 1400 676 1444 todt
689 1398 797 1447 ſeyn,
829 1398 1003 1446 ſondern
1012 1401 1145 1449 durch
1164 1400 1229 1445 die
1246 1399 1391 1451 wahre

463 1449 581 1502 Liebe
596 1457 721 1506 gegen
739 1454 869 1499 GOtt
885 1456 969 1497 und
984 1457 1065 1498 den
1083 1453 1289 1506 Naͤchſten
1316 1453 1391 1508 ſich

465 1504 597 1563 thaͤtig
607 1506 790 1556 erweiſen
803 1505 942 1562 muͤſſe.
968 1507 1166 1565 Jac.2,17.
1188 1509 1390 1565 Gal.2,17.

465 1564 674 1619 Cap.5,6.
708 1563 932 1621 Cap.6,15.

867 1640 901 1676 §.
931 1647 984 1676 18.

530 1689 612 1747 Jch
622 1689 780 1748 glaͤube,
794 1691 875 1747 daß
906 1681 997 1745 GOtt
1015 1678 1119 1749 ſchon
1147 1692 1190 1744 in
1200 1694 1272 1743 der
1283 1691 1390 1749 heili⸗

464 1755 542 1806 gen
552 1748 721 1802 Tauffe,
740 1738 807 1801 mit
817 1749 904 1798 mir
915 1749 1030 1799 einen
1040 1743 1180 1801 Bund
1188 1749 1389 1807 gemacht,

455 1804 572 1855 mich
596 1806 720 1857 durch
742 1805 873 1860 ſeinen
889 1806 1005 1859 Geiſt
1024 1806 1388 1863 wiedergebohren,

464 1856 553 1908 und
569 1865 618 1912 zu
635 1854 782 1907 ſeinem
798 1858 932 1907 Kinde
947 1849 1387 1916 auf⸗ und angenom⸗

464 1927 565 1967 men
582 1915 700 1967 habe,
740 1930 769 1964 1.
787 1920 912 1974 Petr.
929 1911 971 1967 3,
989 1929 1035 1967 21.
1076 1918 1164 1967 Tit.
1180 1932 1215 1967 3,
1235 1933 1267 1967 5.
1283 1922 1327 1964 6.
1342 1930 1383 1967 7.

1240 1978 1384 2019 Wenn
