1567 2325
521 278 607 328 272

661 266 771 322 Von
771 266 855 322 den
855 266 1129 322 verſchiedenen
1129 266 1261 322 Arten

660 367 786 435 Von
786 367 894 435 der
894 367 1253 435 Glasmalerey.

521 491 604 570 D

604 491 630 547 ie
649 487 875 539 Glasmalerey
892 504 961 532 war
978 494 1118 541 ehemals
1134 495 1200 545 ſehr
1222 494 1388 544 gebraͤuch⸗

630 541 703 585 lich,
736 538 766 585 ſo
788 542 847 578 wie
871 550 947 577 man
972 547 1007 577 es
1021 540 1096 578 noch
1113 552 1156 579 an
1170 547 1228 580 den
1244 541 1386 589 Fenſter⸗

522 594 655 644 ſcheiben
671 599 724 634 der
739 595 872 641 Kirchen
888 601 950 634 und
964 596 1111 645 Pallaͤſte
1125 598 1224 643 ſiehet.
1275 596 1388 639 Kaum

521 645 619 688 findet
635 653 711 680 man
727 644 802 690 noch
821 648 895 692 heut
910 653 946 690 zu
961 642 1048 692 Tage
1063 647 1148 684 einen
1164 645 1293 689 Maler,
1313 650 1391 685 wel⸗

520 698 587 739 cher
602 698 704 733 damit
721 697 906 743 umzugehen
929 698 1026 744 weiß,
1055 697 1150 744 daher
1170 698 1207 747 iſt
1229 708 1305 738 man
1328 699 1391 746 auf

521 756 569 792 die
585 752 753 795 Gedanken
771 754 930 801 gerathen,
945 756 1008 807 daß
1023 759 1076 794 der
1083 755 1211 804 Proceß
1224 756 1387 803 verlohren

522 816 681 854 gegangen
702 807 760 855 ſey.

601 875 674 916 Die
688 873 813 924 Farben
833 873 941 921 welche
957 872 1057 923 hierzu
1072 874 1238 921 gebraucht
1253 878 1386 917 werden,

523 922 643 974 muͤſſen
662 926 851 973 mineraliſch
868 926 946 974 ſeyn,
960 931 1024 964 und
1038 937 1114 966 man
1130 929 1220 974 muß,
1234 928 1264 973 ſo
1274 932 1329 965 wie
1339 931 1388 968 im

522 975 757 1025 Emailmalen,
772 979 883 1028 vorher
899 976 1012 1028 wiſſen,
1028 985 1098 1018 was
1109 981 1147 1027 ſie
1157 980 1211 1027 fuͤr
1219 984 1282 1020 eine
1291 980 1386 1022 Wir⸗

521 1030 604 1073 kung
620 1030 700 1073 thun
717 1032 849 1071 werden,
862 1039 952 1066 wenn
969 1030 1008 1071 ſie
1016 1027 1214 1078 geſchmolzen
1223 1030 1299 1076 ſind,
1317 1029 1387 1070 weil

519 1085 617 1130 einige
632 1085 688 1130 ſich
703 1094 762 1129 gar
776 1086 841 1133 ſehr
863 1086 1047 1124 veraͤndern.

596 1145 659 1187 Als
674 1146 746 1195 dieſe
762 1144 915 1195 Malerey
929 1144 1038 1186 Mode
1053 1156 1141 1189 war,
1174 1147 1235 1192 ließ
1250 1157 1326 1185 man
1350 1151 1383 1187 in

522 1198 580 1235 den
593 1195 796 1249 Glashuͤtten
814 1195 904 1238 Glas
931 1204 992 1237 von
1015 1197 1236 1246 verſchiedenen
1256 1196 1384 1247 Farben

521 1252 668 1296 machen,
706 1251 815 1295 welche
842 1260 879 1298 zu
907 1253 964 1290 den
987 1250 1188 1299 Gewaͤndern
1215 1251 1384 1303 gebraucht

519 1309 661 1345 wurden,
683 1313 758 1340 man
780 1306 903 1352 ſchnitte
919 1305 957 1348 ſie
972 1307 1046 1348 nach
1064 1308 1125 1342 den
1135 1301 1303 1353 Umriſſen,
1327 1315 1384 1344 um

520 1361 560 1405 ſie
574 1360 705 1408 mittelſt
724 1367 779 1403 des
795 1362 905 1409 Bleys
922 1359 1096 1408 zuſammen
1121 1372 1158 1409 zu
1181 1362 1285 1409 ſetzen,
1318 1367 1383 1402 und

518 1418 597 1447 man
621 1409 742 1454 machte
763 1414 811 1450 die
834 1410 996 1455 Schatten
1023 1414 1080 1450 mit
1108 1415 1177 1452 dem
1206 1410 1383 1459 Schwarz,

519 1460 650 1509 welches
665 1474 741 1501 man
758 1464 871 1507 durchs
881 1463 1063 1504 Scraviren
1080 1468 1153 1504 oder
1166 1465 1280 1507 durchs
1287 1466 1382 1512 Pun⸗

520 1516 612 1553 ctiren
630 1517 771 1556 vertrieb.
824 1515 917 1556 Man
934 1516 990 1562 hat
1006 1517 1081 1561 noch
1099 1521 1163 1554 eine
1179 1522 1289 1554 andere
1306 1516 1381 1561 Art,

521 1569 568 1605 die
584 1568 749 1614 Schatten
764 1567 826 1611 auf
834 1568 1017 1616 dergleichen
1040 1571 1182 1609 colorirte
1204 1569 1320 1618 Glaͤſer
1342 1581 1380 1618 zu

517 1620 672 1666 bringen;
703 1629 778 1658 man
808 1621 1004 1669 uͤberſtreicht
1035 1623 1111 1661 alles
1136 1622 1295 1669 Schwarz
1319 1626 1380 1661 mit

518 1674 660 1714 Gummi
675 1674 779 1716 arabi,
810 1675 841 1721 ſo
856 1677 914 1712 wie
931 1685 1005 1713 man
1030 1678 1087 1714 alle
1109 1675 1235 1724 Farben
1258 1676 1397 1724 macht;

518 1728 583 1765 und
599 1736 689 1763 wenn
706 1729 758 1764 der
776 1727 964 1774 Ueberſtrich
983 1729 1096 1767 trocken
1114 1728 1162 1774 iſt,
1178 1730 1292 1766 nimmt
1303 1738 1379 1766 man

517 1783 577 1818 das
594 1780 753 1825 Schwarz
770 1782 829 1817 mit
852 1781 933 1820 einer
957 1780 1074 1829 ſtarken
1099 1781 1196 1831 Feder
1221 1786 1267 1820 die
1293 1786 1378 1821 einen

516 1831 674 1878 ſtumpfen
690 1831 859 1876 Schnabel
875 1833 951 1880 hat,
983 1845 1024 1870 an
1047 1837 1104 1872 den
1128 1834 1231 1874 Orten
1251 1845 1301 1872 wo
1323 1840 1378 1873 der

516 1882 637 1921 Grund
652 1882 877 1927 durchſcheinen
896 1883 960 1929 ſoll,
973 1882 1034 1930 ab;
1060 1886 1122 1919 und
1138 1892 1208 1921 was
1216 1886 1261 1922 die
1271 1882 1377 1931 Halb⸗

516 1934 649 1984 ſchatten
664 1935 843 1985 anbelangt,
857 1936 887 1983 ſo
902 1941 1018 1978 nimmt
1032 1950 1107 1979 man
1124 1942 1170 1978 die
1177 1938 1283 1989 Farbe
1297 1949 1376 1985 weg,

1326 1997 1371 2028 da
