1852 2682
609 357 695 401 aber
718 357 772 400 die
797 355 973 409 Religion
1008 355 1104 408 ſelbſt
1132 364 1175 409 zu
1201 356 1381 410 erfinden,
1424 343 1498 412 und
1536 343 1578 413 ſie
1602 361 1669 401 den

611 428 822 481 Menſchen,
856 430 909 471 die
931 430 1025 473 keine
1047 430 1190 479 Anlage
1211 434 1300 482 dazu
1324 435 1398 472 und
1419 431 1494 473 kein
1507 432 1670 479 Verlan⸗

612 495 681 536 gen
693 488 846 537 darnach
861 486 1003 539 hatten,
1027 485 1307 539 aufzudringen,
1336 492 1405 530 das
1424 478 1560 536 moͤchte
1571 489 1670 539 wohl

611 554 802 609 ſchwerlich
816 556 995 606 gelungen
1016 554 1108 608 ſeyn.
1165 559 1267 602 Man
1294 557 1389 601 kann
1406 554 1586 611 Gefuͤhle,
1616 557 1670 599 die

611 623 712 676 ſchon
737 620 982 676 urſpruͤnglich
1008 624 1044 668 in
1066 629 1145 667 dem
1166 623 1307 676 Herzen
1329 623 1459 674 liegen,
1498 625 1670 668 erwecken

614 690 698 731 oder
721 683 966 739 einſchlaͤfern,
1004 683 1202 738 verſtaͤrken
1221 693 1305 731 oder
1329 684 1544 739 ſchwaͤchen;
1583 685 1672 729 man

610 752 708 800 kann
728 749 771 802 ſie
791 750 1003 802 verfaͤlſchen
1028 755 1112 795 oder
1133 751 1312 803 veredeln,
1358 750 1558 802 wirkſamer
1588 757 1672 793 oder

612 811 869 864 unwirkſamer
887 812 1051 864 machen:
1080 813 1164 857 aber
1183 810 1368 865 Gefuͤhle,
1382 813 1508 859 welche
1526 816 1579 857 die
1592 809 1673 858 Na⸗

612 889 674 928 tur
688 887 769 927 dem
782 883 974 936 Menſchen
988 883 1157 935 verſagte,
1189 885 1227 928 in
1242 887 1314 927 das
1328 885 1421 937 Herz
1440 883 1671 935 hineinlegen,

613 952 690 991 und
714 947 785 999 auf
801 949 869 992 alle
889 945 1048 1000 kuͤnftige
1069 946 1326 1000 Geſchlechter,
1369 948 1441 998 auf
1460 951 1527 992 alle
1546 949 1672 1000 Zeiten

613 1014 689 1055 und
704 1009 896 1054 Nationen
910 1009 1163 1063 fortpflanzen,
1205 1014 1275 1052 das
1296 1008 1394 1054 waͤre
1417 1012 1490 1054 eine
1508 1014 1577 1054 Art
1596 1010 1670 1055 von

614 1069 871 1123 Schoͤpfung,
904 1075 1009 1120 wozu
1029 1074 1069 1113 es
1095 1070 1182 1121 auch
1203 1077 1282 1113 dem
1312 1072 1484 1123 weiſeſten
1506 1062 1694 1120 Sterbli⸗

614 1137 698 1191 chen
717 1149 765 1180 an
785 1137 905 1189 Kraft
927 1145 1001 1183 und
1033 1137 1189 1191 Einſicht
1217 1139 1334 1192 fehlen
1363 1137 1495 1190 duͤrfte.
1558 1133 1671 1193 Nein,

613 1207 670 1250 die
701 1204 883 1258 religioͤſen
908 1203 1205 1258 Empfindungen
1236 1212 1311 1250 und
1346 1207 1516 1260 Begriffe
1547 1203 1692 1258 haͤtten

614 1267 678 1316 ſich
699 1265 901 1313 unmoͤglich
933 1265 974 1321 ſo
971 1267 1056 1305 weit
1082 1267 1152 1316 auf
1169 1269 1249 1306 dem
1264 1265 1458 1309 Erdboden
1484 1251 1701 1307 verbreitet

615 1339 690 1375 und
703 1331 737 1381 ſo
759 1334 866 1381 lange
888 1337 997 1373 unter
1012 1334 1087 1373 uns
1107 1331 1285 1383 erhalten,
1312 1341 1419 1375 wenn
1441 1329 1484 1384 ſie
1499 1331 1590 1382 nicht
1603 1327 1670 1375 den

616 1400 897 1453 Grundgeſetzen
913 1401 1039 1452 unſers
1057 1403 1244 1449 denkenden
1263 1402 1404 1456 Geiſtes
1427 1398 1670 1453 entſpraͤchen;

615 1468 670 1512 die
684 1466 861 1518 Religion
877 1464 976 1509 waͤre
988 1465 1103 1519 laͤngſt
1120 1464 1164 1516 im
1182 1466 1350 1520 Kampfe
1366 1470 1435 1510 mit
1450 1468 1551 1519 ihren
1565 1467 1672 1519 Fein⸗

613 1541 704 1582 den,
729 1527 845 1582 laͤngſt
862 1533 944 1573 dem
959 1530 1088 1573 bittern
1102 1534 1249 1581 Spotte
1263 1535 1324 1573 der
1338 1526 1605 1582 Unglaͤubigen,
1634 1529 1671 1581 ſo

616 1592 686 1637 wie
700 1597 761 1636 der
777 1590 890 1639 Kaͤlte
906 1599 980 1636 und
996 1597 1078 1642 dem
1098 1593 1309 1643 Leichtſinne
1333 1593 1424 1645 ihrer
1447 1596 1553 1637 lauen
1573 1587 1671 1639 Ver⸗

617 1662 717 1714 ehrer
733 1660 1004 1713 untergelegen,
1033 1669 1141 1704 wenn
1155 1665 1198 1704 es
1213 1662 1305 1712 nicht
1319 1663 1374 1706 die
1397 1661 1591 1714 Menſchen
1622 1660 1672 1704 im

616 1726 773 1777 Ganzen
788 1733 1000 1774 genommen
1015 1725 1167 1775 wirklich
1183 1722 1342 1779 fuͤhlten,
1370 1726 1442 1776 daß
1464 1731 1504 1768 es
1527 1732 1605 1768 dem
1622 1727 1672 1767 al⸗

616 1796 674 1837 len
698 1793 927 1845 ohngeachtet
947 1794 1020 1847 ihre
1041 1793 1298 1848 Beſtimmung
1326 1792 1398 1847 ſey,
1433 1793 1612 1845 Religion
1629 1802 1670 1847 zu

617 1866 745 1913 haben.

706 1926 784 1982 Ja,
811 1928 875 1972 M.
891 1929 939 1972 A.
953 1927 1012 1979 Z.,
1044 1932 1103 1972 der
1116 1929 1264 1981 Menſch
1285 1929 1325 1980 iſt
1344 1938 1405 1983 zur
1420 1927 1597 1980 Religion
1611 1927 1672 1970 be⸗

617 1989 796 2044 ſtimmt;
828 1993 868 2032 es
883 1990 923 2043 iſt
934 1988 1147 2043 Beduͤrfniß
1163 1988 1222 2042 fuͤr
1239 1991 1353 2043 ſeinen
1368 1990 1574 2040 Verſtand,
1603 1988 1672 2032 wie

617 2052 678 2106 fuͤr
695 2052 764 2105 ſein
777 2051 883 2106 Herz,
910 2064 959 2097 an
972 2054 1116 2099 Gottes
1135 2053 1288 2107 Daſeyn
1302 2060 1376 2098 und
1386 2064 1435 2098 an
1443 2055 1672 2107 Unſterblich⸗

617 2120 684 2164 keit
700 2125 763 2163 der
776 2119 894 2165 Seele
907 2127 950 2170 zu
968 2118 1149 2170 glauben;
1189 2131 1226 2162 er
1247 2119 1333 2173 ſieht
1357 2118 1420 2169 ſich
1442 2127 1673 2171 gezwungen,

616 2180 720 2221 einen
737 2177 877 2229 weiſen,
899 2174 1117 2229 maͤchtigen,
1151 2170 1301 2229 guͤtigen
1314 2177 1501 2229 Schoͤpfer
1515 2167 1588 2222 und
1596 2178 1673 2222 Re⸗

616 2248 729 2297 gierer
762 2252 811 2302 der
842 2246 926 2295 Welt
941 2246 1224 2303 anzuerkennen,
1257 2252 1332 2293 und
1347 2246 1531 2301 denſelben
1546 2248 1615 2300 auf
1627 2247 1671 2289 ir⸗
