1571 2340
501 408 814 467 Nachkommenſchaft
839 435 898 464 aus
923 427 1006 467 ihren
1032 424 1270 457 Verbindungen
1296 436 1351 461 mit

504 486 561 519 den
577 475 719 522 Weibern
736 484 789 516 des
806 478 917 519 Landes
942 481 1157 524 entſprungen,
1183 478 1275 522 erſetzt
1291 480 1352 514 und

503 523 666 581 vermehrt.
742 533 808 569 Der
834 534 960 571 Eintritt
978 531 1007 566 in
1024 533 1081 581 die
1108 541 1181 567 neue
1205 524 1353 571 Rebublik

504 595 629 634 wurde,
655 591 720 635 ſagt
739 601 830 632 man,
857 590 951 644 allen
955 580 1101 632 Fremden
1124 590 1196 629 aufs
1219 590 1353 633 ſtrengſte

505 640 671 685 verwehrt;
718 650 770 677 um
798 633 884 676 darin
914 642 1143 681 aufgenommen
1171 648 1205 681 zu
1226 640 1354 678 werden,

507 696 608 737 mußte
623 707 694 733 man
714 699 759 733 die
776 696 887 738 Abſicht
909 695 1022 738 haben,
1048 694 1100 737 ſich
1123 694 1190 728 dort
1206 692 1353 734 niederzu⸗

507 747 608 790 laſſen.
661 746 725 782 Die
743 745 928 782 Candidaten
943 740 1046 780 waren
1062 745 1126 785 ſehr
1151 744 1256 785 harten
1273 742 1355 786 Pruͤ⸗

506 802 620 845 fungen
633 801 855 843 unterworfen,
884 802 945 836 und
959 797 1138 844 diejenigen,
1165 799 1269 840 welche
1284 800 1356 838 dieſe

508 859 566 895 Art
586 866 642 892 von
663 851 807 899 Novitiat
829 854 905 897 nicht
920 853 1082 898 aushalten
1106 853 1252 896 konnten,
1286 854 1355 887 oder

510 913 563 946 der
582 906 787 953 Verraͤtherey
806 905 974 949 verdaͤchtig
994 906 1128 947 wurden,
1148 905 1266 944 brachte
1284 913 1355 938 man

513 962 590 1005 ohne
614 962 775 998 Mitleiden
798 967 870 999 um,
908 960 969 993 und
999 954 1066 999 dieß
1099 964 1165 993 war
1191 956 1264 997 auch
1297 958 1354 991 das

511 1010 662 1054 Schickſal
677 1012 771 1052 derer,
787 997 833 1045 die
851 1008 968 1050 geneigt
981 1001 1129 1053 ſchienen,
1152 1007 1198 1044 die
1216 1007 1357 1043 Gemein⸗

511 1063 603 1107 ſchaft
622 1074 656 1108 zu
672 1052 823 1105 verlaſſen.

587 1155 667 1190 Alles
684 1153 773 1196 ſchien
794 1153 840 1192 die
857 1150 1010 1195 Pauliſten
1028 1148 1209 1193 einzuladen,
1233 1148 1263 1183 in
1281 1149 1361 1185 einer

513 1199 689 1246 unthaͤtigen
708 1196 887 1244 wolluͤſtigen
898 1199 989 1243 Ruhe
1007 1200 1070 1243 ihre
1090 1197 1171 1241 Tage
1189 1187 1360 1241 hinzubrin⸗

512 1263 590 1297 gen,
617 1257 689 1290 aber
704 1254 768 1290 eine
782 1255 896 1298 gewiſſe
917 1251 1124 1296 Unſtaͤtigkeit,
1136 1252 1191 1287 die
1206 1251 1361 1294 muthigen

512 1306 662 1345 Raͤubern
679 1307 761 1347 eigen
778 1308 830 1347 iſt,
857 1307 915 1340 das
943 1306 1125 1345 Verlangen
1144 1311 1179 1344 zu
1202 1303 1361 1345 herrſchen,

513 1356 638 1395 welches
655 1362 730 1397 ganz
745 1355 823 1396 nahe
844 1364 884 1390 an
901 1355 946 1390 die
964 1341 1219 1397 Unabhaͤngigkeit
1243 1354 1360 1395 grenzt;

515 1416 567 1451 der
584 1413 738 1457 Fortgang
762 1413 813 1448 der
832 1410 974 1458 Freiheit,
999 1410 1051 1447 der
1069 1412 1124 1447 den
1143 1408 1270 1451 Wunſch
1290 1409 1362 1451 nach

513 1466 622 1511 Ruhm
641 1462 769 1509 einfloͤßt,
794 1463 872 1508 kurz,
889 1463 943 1499 alle
960 1462 1032 1506 dieſe
1050 1459 1362 1507 Bewegungsgruͤnde

513 1518 691 1562 vereiniget,
730 1517 827 1558 gaben
852 1516 934 1562 ihrer
966 1517 1111 1560 Neigung
1135 1517 1219 1551 einen
1248 1515 1361 1550 andern

511 1575 684 1617 Schwung.

589 1660 653 1696 Sie
675 1656 892 1700 durchſtreiften
907 1657 965 1691 das
982 1655 1105 1700 Jnnere
1126 1654 1186 1690 von
1210 1654 1361 1698 Braſilien

515 1717 576 1743 von
602 1709 695 1742 einem
722 1708 806 1744 Ende
835 1713 902 1748 zum
929 1705 1053 1740 andern.
1108 1706 1168 1741 Wo
1195 1705 1247 1747 ſich
1273 1703 1361 1746 ihnen

512 1763 561 1797 die
579 1759 787 1803 Eingebornen
800 1757 999 1802 widerſetzten,
1019 1756 1143 1792 wurden
1160 1756 1197 1799 ſie
1213 1752 1360 1798 getoͤdtet;

516 1813 577 1846 und
597 1812 652 1848 den
675 1798 785 1858 Feigen
811 1801 909 1855 wurde
935 1810 981 1844 die
1008 1799 1180 1850 Sklaverey
1202 1816 1238 1849 zu
1263 1805 1359 1851 Theil.

515 1862 608 1898 Viele
619 1859 782 1903 verbargen
798 1853 858 1908 ſich
871 1861 901 1895 in
911 1857 1060 1896 Waͤldern
1074 1859 1145 1893 oder
1159 1857 1290 1901 Hoͤhlen,
1308 1865 1360 1891 um

514 1912 580 1947 dem
597 1914 760 1956 Schwerdt
774 1915 845 1948 oder
854 1913 917 1955 den
934 1910 1058 1954 Ketten
1066 1919 1104 1958 zu
1107 1911 1262 1953 entgehen.
1314 1910 1360 1943 Es
