1626 2397
608 469 667 513 ſehr
688 474 779 517 wohl,
812 478 864 515 daß
881 476 947 514 dieſe
968 480 1025 511 und
1044 479 1165 521 aͤhnliche
1182 484 1393 525 Ausleerungen

605 511 708 554 Folgen
732 523 786 549 von
804 517 926 559 offenbar
941 520 1054 554 kranken
1068 521 1221 562 Zuſtaͤnden
1243 518 1296 565 ſein
1316 527 1392 560 koͤn⸗

604 565 663 590 nen
682 558 755 598 [und
770 564 799 592 es
809 563 881 602 giebt
897 563 980 602 daher
991 565 1119 604 zuweilen
1133 571 1162 602 in
1179 571 1260 608 dieſer
1269 573 1390 607 Verbin⸗

602 603 676 639 dung
693 603 834 639 ſchwache,
858 606 947 638 elende
960 605 1082 645 Kinder,
1104 615 1148 639 wo
1171 613 1214 646 die
1227 614 1388 649 monatliche

599 645 763 684 Reinigung
779 647 862 691 immer
888 651 957 688 noch
973 649 1163 696 fortdauert]:
1181 654 1255 693 aber,
1274 663 1387 690 warum

599 690 662 725 ſolte
679 697 747 721 man
770 690 842 727 nicht
865 692 931 729 auch
951 696 982 727 in
1000 695 1133 735 geſunden
1150 698 1296 739 Perſonen
1311 702 1385 737 Vor⸗

596 733 753 772 kehrungen
773 736 820 764 der
833 733 932 774 Natur
941 736 1043 778 hierbei
1058 738 1150 777 finden
1165 743 1286 779 duͤrfen?
1308 746 1385 783 Jede

596 776 779 813 Erſcheinung
802 775 840 806 im
863 779 1048 820 menſchlichen
1069 779 1207 826 Koͤrper,
1222 786 1263 816 die
1281 785 1309 825 ſo
1326 787 1384 820 all⸗

595 820 712 859 gemein
727 820 806 857 durch
821 823 862 857 die
878 823 1051 866 Menſchheit
1065 826 1181 863 bemerkt
1196 830 1283 866 wird,
1300 831 1383 870 muß,

595 864 648 897 wie
670 864 737 900 mich
754 865 860 905 deucht,
882 869 982 904 immer
1003 872 1053 902 den
1075 871 1211 913 Verdacht
1233 874 1327 915 irgend
1347 877 1382 908 ei⸗

594 912 644 936 ner
660 908 798 950 geheimen
809 910 1006 954 Naturabſicht
1018 914 1165 954 erwecken;
1183 920 1239 951 und
1254 921 1291 956 ich
1305 920 1379 955 wuͤr⸗

593 953 624 982 de
639 951 721 991 daher
735 954 781 989 nie
795 953 963 997 behaupten,
979 958 1031 996 daß
1047 962 1094 993 der
1107 962 1187 1001 Ekel,
1200 967 1252 996 das
1267 961 1377 1007 haͤufige

590 996 767 1035 Erbrechen,
795 1002 838 1034 die
850 1003 1008 1040 beſondern
1030 1005 1222 1047 Neigungen,
1255 1012 1312 1042 und
1334 1012 1378 1043 die

587 1040 683 1074 vielen
699 1042 817 1083 uͤbrigen
835 1044 941 1079 kleinen
959 1048 1169 1086 Beſchwerden
1180 1046 1237 1090 der
1233 1051 1377 1090 Schwan⸗

587 1084 655 1115 gern
673 1076 784 1122 Zufaͤlle
801 1076 917 1123 waͤren,
919 1076 1064 1124 denen
1054 1084 1118 1123 der
1129 1088 1199 1126 Arzt
1207 1091 1271 1122 mit
1288 1091 1374 1127 ſeiner

586 1112 678 1158 Kunſt
700 1130 733 1159 zu
746 1121 848 1162 Huͤlfe
866 1127 937 1162 eilen
951 1126 1046 1164 muͤſſe.
1104 1129 1149 1167 Je
1166 1130 1295 1170 geſunder
1316 1141 1373 1168 nur

586 1162 720 1204 uͤbrigens
734 1166 774 1199 die
782 1165 892 1207 Perſon
908 1168 955 1209 iſt,
976 1171 1044 1209 deſto
1059 1172 1185 1211 geringer
1198 1179 1306 1210 werden
1321 1179 1373 1210 die⸗

583 1212 608 1250 ſe
624 1208 822 1252 Beſchwerden
840 1212 910 1253 ſein,
932 1217 988 1248 und
1003 1217 1072 1257 deſto
1087 1215 1165 1259 mehr
1181 1222 1269 1255 werde
1285 1221 1322 1260 ich
1339 1222 1372 1263 ſie

582 1254 631 1295 fuͤr
653 1255 846 1300 beabſichtete
863 1259 1054 1303 Wirkungen
1059 1257 1112 1302 der
1121 1264 1220 1301 Natur
1241 1265 1370 1308 anſehen.

581 1301 624 1332 II.
646 1300 832 1338 Unmittelbar
850 1306 908 1336 und
927 1304 1022 1344 einzig
1037 1307 1095 1343 und
1115 1308 1199 1343 allein
1219 1319 1278 1344 aus
1298 1316 1369 1347 dem

578 1344 731 1384 Zuſtande
740 1351 794 1381 der
809 1343 1108 1392 Schwangerſchaft
1121 1354 1204 1394 ſelbſt
1217 1357 1286 1394 folgt
1300 1357 1369 1396 noch

579 1381 675 1422 mehr,
698 1385 764 1421 noch
776 1381 933 1430 haͤufiger,
964 1385 1030 1432 noch
1039 1388 1160 1431 gewiſſer
1182 1397 1240 1428 und
1258 1387 1366 1434 leichter

577 1428 621 1455 die
634 1427 859 1465 Anſammlung
869 1432 924 1462 der
931 1428 1179 1472 Unreinigkeiten
1201 1430 1239 1474 im
1248 1433 1365 1470 Unter⸗

576 1468 670 1504 leibe,
690 1472 734 1502 als
747 1469 794 1509 die
794 1469 1018 1513 Vollbluͤtigkeit.
1062 1474 1120 1515 Jch
1135 1478 1201 1513 rede
1216 1479 1270 1517 alſo
1291 1481 1364 1521 nicht

575 1519 630 1545 von
644 1512 809 1553 beſondern
819 1515 947 1557 Anlagen
958 1523 995 1556 zu
1005 1512 1190 1564 Krankheiten
1197 1526 1268 1557 oder
1276 1524 1363 1559 Diaͤt⸗

574 1555 689 1600 fehlern.
734 1556 987 1602 Vernunftgruͤnde
1005 1559 1058 1605 und
1064 1565 1228 1607 Erfahrung
1241 1570 1306 1603 aber
1316 1570 1362 1603 be⸗

572 1599 687 1642 ſtaͤtigen
702 1601 786 1640 jenes.
836 1605 868 1645 1)
883 1604 985 1645 Muͤſte
997 1608 1078 1646 ſchon
1087 1611 1263 1651 jedermann,
1279 1613 1364 1651 ohne

573 1645 660 1673 andre
678 1642 880 1685 phyſiologiſche
893 1638 1016 1686 Gruͤnde
1031 1655 1071 1689 zu
1086 1650 1205 1686 kennen,
1225 1652 1309 1690 dieſes
1325 1662 1359 1692 zu

572 1688 704 1728 glauben,
733 1691 840 1731 geneigt
859 1694 936 1732 ſein,
958 1700 1041 1733 wenn
1058 1706 1099 1730 er
1113 1707 1169 1732 nur
1189 1700 1274 1740 hoͤrt:
1302 1703 1356 1739 daß

569 1732 765 1777 gewoͤhnlich
785 1742 828 1771 die
844 1742 945 1776 Natur
965 1743 1020 1773 den
1036 1744 1207 1782 natuͤrlichen
1218 1748 1355 1789 Blutfluß

568 1776 695 1819 aufhaͤlt,
715 1780 745 1819 ſo
762 1780 834 1814 bald
853 1785 887 1823 ſie
903 1791 959 1816 nur
977 1786 1030 1824 auf
1042 1790 1085 1822 die
1099 1788 1276 1827 Vollendung
1290 1794 1355 1823 oder

568 1822 749 1863 Ausbildung
763 1826 808 1857 der
816 1825 917 1869 Frucht
932 1826 1054 1863 arbeiten
1066 1832 1135 1866 will.
1154 1834 1229 1868 Kein
1235 1834 1354 1873 Menſch

567 1862 632 1896 aber
646 1864 716 1894 wird
732 1871 785 1896 von
800 1867 879 1904 jenen
889 1865 1095 1911 angehaͤuften
1108 1872 1353 1912 Unreinigkeiten

564 1902 706 1944 beſondere
716 1907 840 1941 Vorteile
854 1908 1026 1950 vermuthen.
1072 1913 1107 1952 2)
1115 1908 1255 1953 Sichtbar
1266 1919 1298 1956 iſt
1311 1920 1351 1953 es,

563 1949 619 1993 daß
634 1950 676 1985 die
688 1950 798 1994 meiſten
810 1962 866 1991 von
883 1962 930 1992 der
943 1955 1203 2003 Schwangerſchaft
1219 1958 1352 2005 abhaͤngi⸗
