1728 2706
457 404 682 462 Allgemeine
693 402 1008 459 Betrachtungen.

1126 410 1209 456 431

261 502 354 544 durch
370 501 529 543 allerhand
539 499 720 543 zerſtoͤrende
728 498 870 540 Urſachen
889 507 929 530 an
946 495 1028 531 einer
1043 504 1078 537 zu
1096 494 1214 537 großen

255 552 482 594 Vermehrung
500 549 656 591 gehindert
673 546 789 584 wuͤrde.
840 549 942 585 Wenn
956 546 1017 580 wir
1043 551 1115 584 auch
1133 547 1215 584 nicht

263 605 347 648 ſelbſt
369 606 459 645 durch
485 600 695 645 Unmaͤßigkeit
718 601 807 640 unſer
827 602 917 637 Leben
938 594 1118 640 verkuͤrzen,
1149 599 1215 635 und

263 656 354 697 durch
372 655 487 699 blutige
501 652 610 697 Kriege
625 656 685 687 uns
705 651 877 694 aufreiben,
904 652 933 693 ſo
950 651 1053 686 dienen
1071 651 1216 692 vielleicht

263 709 360 752 Heere
390 707 520 747 kleiner,
550 707 616 741 dem
639 705 746 745 bloßen
771 704 858 746 Auge
880 702 1082 745 unſichtbarer
1108 700 1217 743 Thier⸗

262 758 351 800 chen,
377 758 467 798 durch
492 758 539 792 die
565 754 771 797 anſteckenden
794 753 1016 795 Krankheiten,
1046 752 1152 791 welche
1176 752 1215 793 ſie

261 810 468 851 verurſachen,
485 810 536 843 der
550 815 607 849 gar
620 815 656 848 zu
672 804 785 848 großen
795 806 1003 849 Ausbreitung
1021 805 1072 839 des
1089 803 1215 844 menſch⸗

262 866 355 907 lichen
373 862 558 908 Geſchlechts
576 861 757 903 Schranken
777 868 811 902 zu
832 859 928 903 ſetzen.

364 938 534 976 Bisweilen
552 930 664 978 reichen
676 935 725 971 die
742 934 941 979 zerſtoͤrenden
950 931 1217 975 Thiergattungen

253 981 345 1024 nicht
360 978 415 1027 zu,
448 985 501 1019 der
515 973 819 1027 Uͤberſchwemmung
842 987 900 1014 von
927 979 1018 1021 dieſer
1040 981 1109 1013 oder
1133 981 1218 1018 jener

264 1028 412 1080 Gattung
423 1022 598 1078 Einhall
565 1021 600 1082 zu
615 1035 701 1075 thun.
725 1032 772 1076 Jn
786 1031 890 1074 dieſem
899 1030 982 1075 Falle
998 1028 1105 1073 muͤſſen
1115 1032 1216 1072 Kaͤlte,

255 1079 394 1131 widrige
411 1080 587 1128 Witterung
605 1073 666 1118 und
684 1082 795 1121 Winde
811 1093 846 1126 zu
862 1080 955 1125 Huͤlfe
975 1083 1130 1120 kommen,
1157 1087 1216 1114 den

253 1128 383 1178 Strom
397 1138 450 1173 des
460 1136 569 1173 Lebens
586 1134 695 1176 wieder
710 1135 740 1179 in
757 1134 834 1175 ſeine
850 1132 920 1174 Ufer
936 1132 1202 1177 einzuſchraͤnken.

366 1218 522 1261 Vielleicht
536 1216 615 1252 wird
633 1223 705 1251 man
724 1214 776 1256 ſich
794 1217 848 1251 des
865 1214 1051 1252 Gedankens
1073 1208 1150 1251 nicht
1171 1222 1218 1252 er⸗

265 1269 386 1312 wehren
405 1264 538 1308 koͤnnen,
552 1266 625 1308 daß
641 1262 687 1301 die
701 1263 880 1309 Zerſtoͤrung
898 1264 979 1297 eines
997 1263 1105 1303 Thiers
1124 1263 1215 1303 durch

252 1323 317 1357 ein
337 1321 466 1356 anderes
482 1321 543 1355 den
559 1313 701 1362 Schein
726 1314 814 1355 einer
830 1310 1074 1360 Grauſamkeit
1098 1313 1131 1352 in
1158 1314 1218 1352 der

264 1373 391 1417 Natur
416 1376 523 1416 habe.
535 1363 614 1412 Aber
640 1372 703 1415 bey
735 1371 789 1405 den
815 1369 942 1411 Thieren
966 1366 1033 1409 faͤllt
1061 1366 1217 1410 dasjenige

266 1427 357 1461 weg,
379 1419 431 1466 was
467 1422 529 1453 uns
543 1419 608 1453 den
618 1407 683 1454 Tod
707 1412 893 1458 fuͤrchterlich
918 1415 1036 1457 macht,
1059 1418 1117 1448 das
1136 1417 1220 1456 Vor⸗

267 1480 406 1522 herſehen
423 1478 573 1519 deſſelben.
608 1475 804 1520 Gewoͤhnlich
826 1476 859 1516 iſt
877 1475 933 1521 der
946 1474 1011 1512 Tod
1025 1474 1071 1508 ein
1081 1464 1218 1516 Streich,

251 1529 305 1564 der
332 1528 381 1569 ſie
403 1526 618 1568 unvermuthet
639 1524 734 1566 trifft,
760 1523 849 1566 ihnen
866 1513 1072 1564 Bewußtſeyn
1095 1524 1159 1556 und
1172 1525 1220 1557 Le⸗

267 1576 324 1610 ben
343 1573 400 1615 faſt
416 1572 446 1607 in
462 1572 556 1607 einem
577 1568 769 1611 Augenblicke
785 1571 903 1604 raubet.
948 1570 1011 1604 Die
1029 1568 1219 1607 Betaͤubung

252 1627 333 1673 und
357 1628 410 1669 die
437 1616 623 1669 Erſtarrung
654 1625 707 1659 des
738 1622 925 1662 Schreckens
950 1622 1140 1656 vermindern
1171 1626 1219 1656 die

249 1666 452 1728 Schmerzen
470 1671 564 1712 eines
588 1671 714 1717 laͤngern
731 1667 892 1717 Kampfes.
944 1673 1008 1710 Die
1025 1671 1131 1717 Thiere
1158 1675 1221 1716 ſind

252 1726 349 1769 nicht
365 1720 526 1768 ſinnreich,
550 1712 692 1761 einander
716 1729 750 1766 zu
775 1719 904 1763 quaͤlen,
933 1722 989 1755 wie
1011 1722 1063 1756 der
1081 1722 1220 1764 Menſch.

271 1777 400 1819 Sollten
415 1766 467 1813 die
490 1773 599 1818 Thiere
621 1774 682 1810 alle
705 1781 761 1809 vor
786 1773 889 1813 Alter,
920 1771 1128 1813 Unvermoͤgen
1155 1779 1221 1805 und

251 1827 399 1875 Hunger
418 1819 553 1872 ſterben,
573 1829 602 1874 ſo
619 1817 703 1871 waͤre
727 1821 791 1863 dies
813 1827 944 1869 wirklich
970 1819 1033 1860 eine
1047 1817 1223 1864 Grauſam⸗

254 1884 331 1929 keit
346 1874 441 1926 gegen
464 1881 511 1924 ſie.
557 1882 683 1919 Wollen
707 1883 766 1916 wir
788 1882 852 1917 eine
872 1878 985 1923 Bilanz
1007 1880 1060 1914 des
1076 1877 1224 1922 Vergnuͤ⸗

259 1935 350 1977 gens
372 1936 434 1970 und
454 1937 507 1971 des
526 1931 730 1976 Schmerzens
749 1931 780 1967 in
804 1934 857 1967 der
882 1927 1127 1973 gegenwaͤrtigen
1147 1923 1224 1965 Ein⸗

272 1983 411 2025 richtung
428 1978 545 2023 ziehen,
577 1980 607 2022 ſo
625 1969 760 2020 moͤchten
777 1977 831 2022 ſich
855 1976 937 2014 beide
960 1977 1104 2013 einander
1128 1982 1222 2017 gleich

271 2040 379 2082 ſeyn.
411 2040 486 2077 Das
510 2037 650 2075 toͤdtende
672 2035 765 2079 Thier
777 2030 905 2078 genießt
927 2035 956 2075 ſo
979 2037 1037 2070 viel
1059 2032 1139 2075 Luſt,
1170 2034 1223 2069 als

272 2093 332 2127 das
360 2090 507 2134 getoͤdtete
534 2088 717 2131 Schmerzen
741 2088 839 2124 leidet.
892 2086 962 2122 Den
980 2086 1139 2128 Menſchen
1164 2094 1224 2120 nur

273 2139 384 2184 muͤſſen
403 2144 462 2181 wir
478 2145 532 2184 bey
549 2143 648 2184 dieſer
670 2130 820 2187 Rechnung
843 2138 1005 2181 auslaſſen.
1057 2136 1120 2173 Die
1136 2132 1226 2178 Uͤbel,

274 2192 383 2233 welche
398 2197 429 2225 er
447 2193 535 2226 leidet
558 2190 628 2223 oder
655 2187 844 2230 verurſacht,
879 2186 1035 2227 erfordern
1060 2194 1100 2219 an
1127 2188 1225 2220 einem

271 2247 389 2298 andern
404 2244 484 2284 Orte
498 2245 563 2282 eine
575 2244 733 2287 beſondere
747 2241 984 2286 Unterſuchung.

1158 2312 1227 2347 Mit
