2046 2735
175 541 362 592 geringſten
383 540 469 587 nicht
485 530 738 590 zuzuſchreiben,
759 535 824 582 daß
847 532 980 576 Ninive
992 533 1064 573 eine

175 584 404 643 Belagerung
425 597 489 630 von
505 583 565 631 28.
586 584 765 631 Monaten
779 580 950 629 aushielt;
974 582 1064 622 denn

175 645 260 694 dieſe
275 645 364 695 Ehre
384 645 475 692 hatte
495 640 548 683 die
562 633 702 685 Stadt
719 634 778 679 der
799 630 952 681 Staͤrcke
976 633 1063 680 ihrer

176 695 337 742 Mauren
349 690 493 743 lediglich
508 686 551 746 zu
560 689 710 731 dancken.
748 686 868 730 Kaum
880 683 972 728 hatte
981 692 1064 726 man

176 746 252 787 dem
260 742 471 788 Sardanapalo
484 736 715 787 hinterbracht,
726 734 791 783 daß
801 736 859 777 der
872 729 1066 781 Ausſpruch

179 797 239 842 der
261 796 389 842 Goͤtter
410 794 446 835 in
466 791 551 845 ſeine
567 785 749 839 Erfuͤllung
772 791 973 836 gegangen,
998 783 1064 829 daß

179 849 239 889 der
254 844 409 897 Euphrat
423 844 471 887 mit
495 836 599 898 ſeinen
610 838 756 891 Feinden
767 839 802 881 in
815 838 867 879 ein
876 831 1064 880 Buͤndnuͤß

178 895 355 943 getreten,
381 896 450 933 und
477 887 676 939 vermittelſt
688 886 777 928 einer
799 879 1064 933 auſſerordentli⸗

181 948 260 998 chen
269 942 602 996 Uberſchwemmung
612 939 704 980 einen
715 937 843 988 groſſen
850 937 949 984 Theil
959 937 1065 976 derer⸗

180 999 312 1049 jenigen
328 991 469 1044 Waͤlle,
483 994 551 1042 auf
561 990 677 1039 welche
690 999 724 1031 er
738 988 797 1036 ſich
813 985 948 1033 verließ,
958 980 1067 1028 uͤbern

180 1047 348 1103 Hauffen
363 1046 543 1101 geworffen
558 1040 675 1092 haͤtte,
700 1043 755 1083 als
778 1041 861 1088 ſeine
882 1037 1067 1086 Hertzhaff⸗

183 1101 303 1153 tigkeit
327 1103 386 1148 auf
403 1090 538 1148 einmahl
556 1091 787 1143 verſchwand,
814 1090 923 1132 indem
943 1099 977 1127 er
999 1086 1066 1136 ſein

180 1144 474 1201 niedertraͤchtiges
501 1142 657 1192 Gemuͤth
675 1142 820 1190 deutlich
843 1152 880 1189 zu
907 1137 1069 1181 erkennen

183 1203 272 1251 gab,
285 1205 362 1244 und
375 1199 437 1247 ſich
456 1196 545 1250 ſelbſt
564 1200 624 1238 des
639 1189 763 1243 Lebens
779 1187 966 1234 beraubete.
1017 1187 1068 1232 Er

181 1262 260 1304 war
273 1245 397 1300 von
352 1245 395 1304 ſo
415 1246 573 1301 weniger
585 1238 845 1296 Entſchlieſſung
862 1244 932 1284 und
949 1248 1016 1282 von
1036 1238 1069 1291 ſo

180 1305 284 1366 groſſer
277 1295 600 1357 Zaghafftigkeit,
609 1300 674 1351 daß
691 1309 725 1342 er
733 1298 791 1349 ſich
808 1288 895 1345 nicht
902 1296 1071 1346 getrauete

183 1343 279 1410 gantz
290 1340 386 1391 allein
402 1356 438 1395 zu
458 1335 598 1402 ſterben,
620 1341 773 1393 immaſſen
811 1351 845 1383 er
862 1338 947 1391 ſeine
960 1336 1074 1382 Kebs⸗

182 1404 350 1462 Weiber,
367 1407 437 1447 und
454 1399 538 1457 ſeine
553 1396 788 1449 vertrauteſten
804 1396 975 1456 Freunde,
986 1394 1075 1444 nebſt

188 1459 298 1514 ſeinen
315 1451 484 1505 Schaͤtzen
499 1459 571 1495 und
587 1451 788 1495 Kleinodien
802 1442 866 1493 mit
881 1438 960 1498 ſich
959 1445 1076 1491 nahm,

187 1514 261 1557 und
260 1503 332 1566 ſich
353 1514 409 1548 von
420 1503 527 1555 ihnen
539 1503 589 1552 biß
609 1503 662 1551 auf
665 1506 729 1545 den
741 1494 1078 1547 Scheiter⸗Hauffen

184 1557 352 1612 begleiten
366 1553 449 1606 ließ,
466 1552 609 1601 welchen
624 1562 658 1592 er
673 1550 736 1591 mit
747 1549 878 1599 eigener
892 1546 1003 1594 Hand
1018 1554 1080 1585 an⸗

188 1610 333 1663 ſteckete,
346 1610 418 1651 und
430 1604 489 1657 ſich
504 1603 642 1656 alſo
596 1596 648 1645 mit
656 1601 765 1649 ſeinen
781 1592 1081 1647 Hauß⸗ Genoſſen

185 1656 405 1704 verbrannte.
449 1646 518 1707 Jch
541 1643 639 1701 halte
658 1638 780 1701 dafuͤr,
799 1647 865 1695 daß
871 1637 977 1693 dieſes
993 1642 1080 1686 keine

193 1705 395 1758 Wuͤrckung
418 1702 511 1748 eines
522 1691 821 1752 unerſchrockenen
840 1695 995 1745 Muthes
1011 1693 1082 1745 ſey,

189 1770 295 1806 wenn
311 1766 390 1802 man
402 1765 432 1807 zu
433 1757 533 1802 dem
550 1754 647 1804 Tode
665 1753 750 1804 ſeine
768 1747 922 1802 Zuflucht
940 1745 1082 1795 nimmt,

194 1813 305 1854 damit
315 1815 396 1851 man
407 1803 468 1854 ſich
482 1806 540 1846 der
553 1793 851 1853 unvermeidlichen
866 1790 1085 1843 Widerwaͤr⸗

196 1865 352 1915 tigkeiten
372 1853 464 1906 eines
482 1855 624 1905 Lebens,
653 1851 758 1904 deſſen
777 1861 860 1900 man
880 1843 1086 1899 uͤberdruͤßig

190 1912 257 1974 iſt,
274 1905 445 1972 uͤberheben
459 1905 582 1959 moͤge:
603 1905 785 1957 hingegen
802 1904 872 1953 ſehe
893 1903 941 1952 ich
964 1908 1002 1945 es
1029 1903 1087 1947 als

192 1970 251 2009 ein
269 1962 459 2014 beſonderes
480 1951 684 2014 Kennzeichen
697 1956 786 2000 einer
795 1946 1089 2005 heldenmuͤthigen

192 2014 459 2069 Entſchlieſſung
494 2012 559 2062 an,
568 2015 670 2050 wenn
687 1995 771 2048 man
785 2003 955 2049 entweder
967 2000 1091 2044 mitten

195 2075 310 2117 unter
332 2071 407 2112 den
410 2059 700 2117 Beluſtigungen,
717 2060 845 2103 womit
865 2059 969 2108 dieſes
986 2058 1092 2105 Leben

192 2121 292 2169 etwa
304 2119 498 2172 verbunden
494 2110 568 2174 iſt,
587 2108 693 2171 ſeinen
707 2110 804 2162 Geiſt
817 2108 1004 2161 aufgeben,
1014 2111 1091 2148 oder

200 2164 299 2224 beym
311 2168 424 2230 Leben
424 2155 574 2228 bleiben
580 2155 676 2223 will,
666 2161 778 2211 damit
793 2161 884 2213 man,
880 2156 923 2223 ſo
936 2159 981 2212 zu
981 2157 1095 2210 reden,
