1715 2347
650 413 773 462 1302

925 405 1119 464 Anhang
1119 405 1200 464 N.
1200 405 1261 464 2.

638 501 674 533 de
686 503 739 534 der
753 496 862 549 Welt,
890 502 940 540 als
956 507 1009 538 der
1021 502 1180 550 chriſtliche
1196 506 1334 550 Sabbat
1348 507 1516 556 angeſehen

641 556 761 578 werden
779 554 847 590 ſoll,
876 552 1020 591 nachdem
1040 552 1088 582 die
1102 550 1201 596 Feyer
1221 561 1276 591 des
1295 560 1394 603 letzten
1413 557 1517 604 Tages

636 605 834 651 abgeſchaffet
863 609 907 651 iſt.
956 621 966 643 2
994 604 1079 659 Moſ.
1081 619 1138 653 20,
1159 617 1200 653 8.
1240 612 1265 663 1
1265 612 1346 665 Cor.
1364 617 1419 662 16,
1444 628 1470 651 1.
1493 612 1515 659 f.

635 667 696 712 Ap.
717 669 754 708 G.
761 680 824 719 20,
840 682 878 718 7.
908 671 1038 719 Offenb.
1050 683 1081 718 1,
1097 684 1151 709 10.

688 786 723 826 8)
750 783 801 824 Es
820 788 898 832 muß
919 792 972 823 der
982 788 1119 828 Sabbat
1131 794 1201 829 dem
1216 794 1345 841 HErrn
1354 797 1447 846 heilig
1463 804 1513 841 ge⸗

633 835 738 880 halten
753 841 889 871 werden.
943 837 1012 876 Die
1024 839 1197 887 Menſchen
1211 843 1329 888 muͤßen
1350 848 1426 890 nach
1440 855 1512 885 vor⸗

634 894 888 939 hergegangener
899 890 1066 941 gehoͤrigen
1073 897 1288 949 Zubereitung
1301 904 1358 938 des
1368 905 1511 952 Herzens

631 953 695 978 und
706 941 917 989 Beſchickung
937 945 989 981 der
1003 950 1165 995 gemeinen
1181 948 1345 998 Geſchaͤfte
1368 955 1448 998 nicht
1467 958 1511 993 al⸗

628 1007 689 1042 lein
704 998 766 1040 von
781 1003 867 1050 ihren
885 1009 1010 1054 eigenen
1026 1011 1185 1060 Werken,
1210 1013 1351 1054 Worten
1369 1024 1433 1057 und
1440 1019 1509 1059 Ge⸗

627 1056 763 1103 danken,
792 1057 900 1105 welche
920 1068 968 1103 auf
966 1062 1127 1110 weltliche
1135 1066 1427 1119 Beſchaͤftigungen
1443 1074 1507 1110 und

625 1105 896 1163 Vergnuͤgungen
920 1110 1037 1165 gehen,
1066 1118 1185 1169 ruhen,
1211 1123 1339 1169 ſondern
1341 1122 1409 1178 ſich
1423 1124 1504 1171 auch

625 1166 673 1219 die
696 1177 793 1215 ganze
805 1168 875 1220 Zeit
895 1181 951 1211 mit
971 1173 1167 1223 oͤffentlichen
1182 1182 1247 1216 und
1264 1181 1425 1231 geheimen
1437 1182 1528 1229 got⸗

625 1224 863 1273 tesdienſtlichen
884 1227 1075 1278 Uebungen,
1100 1235 1341 1284 nohtwendigen
1365 1245 1431 1278 und
1449 1241 1532 1278 Lie⸗

621 1282 822 1331 bespflichten
849 1285 1057 1338 beſchaͤftigen.
1113 1290 1152 1335 Eſ.
1168 1283 1220 1347 58,
1245 1304 1299 1343 13.
1339 1294 1429 1345 Neh.
1444 1305 1500 1343 13,

629 1349 753 1390 15.23.
779 1344 908 1394 Matth.
924 1357 979 1394 12,
1002 1358 1030 1381 1.
1046 1357 1100 1395 13.

963 1468 1058 1518 Cap.
1090 1480 1152 1518 23.

619 1509 742 1562 Vom
778 1512 985 1564 erlaubten
1023 1516 1257 1578 Schwoͤren
1291 1519 1375 1570 und
1412 1532 1496 1581 von

932 1593 1167 1639 Geluͤbden.

618 1668 652 1714 1)
668 1671 726 1751 E

726 1671 758 1722 in
765 1672 926 1717 erlaubter
938 1678 1001 1718 Eid
1013 1682 1049 1724 iſt
1069 1686 1118 1719 ein
1133 1680 1202 1722 Teil
1216 1684 1274 1722 des
1286 1685 1492 1731 Gottesdien⸗

750 1729 825 1774 ſtes,
852 1732 889 1765 da
913 1733 959 1767 die
971 1731 1111 1781 Perſon,
1137 1732 1248 1780 welche
1276 1739 1307 1776 in
1320 1738 1489 1783 Warheit,

609 1767 836 1827 Gerechtigkeit
852 1788 915 1820 und
930 1783 1062 1830 Gericht
1076 1782 1229 1836 ſchwoͤret,
1249 1792 1303 1839 ſich
1318 1792 1380 1836 auf
1389 1794 1491 1835 GOtt

608 1842 660 1876 als
682 1849 771 1879 einen
795 1839 925 1889 Zeugen
945 1846 1064 1893 deßen,
1082 1843 1139 1891 was
1169 1851 1219 1899 ſie
1229 1850 1390 1903 ſchwoͤret,
1425 1858 1491 1892 und

608 1896 660 1928 als
680 1899 767 1932 einen
792 1893 940 1940 Richter,
967 1898 1113 1938 nachdem
1129 1902 1167 1951 ſie
1192 1909 1237 1944 die
1248 1905 1400 1954 Warheit
1414 1912 1488 1948 oder

606 1952 789 1998 Unwarheit
805 1948 904 1998 ſaget,
932 1951 1071 2000 feyerlich
1092 1952 1220 2005 berufet.
1259 1974 1269 1997 2
1298 1960 1371 2011 Moſ.
1382 1972 1488 2011 20,7.

610 2013 628 2048 5
637 2006 726 2050 Moſ.
736 2017 789 2052 10,
802 2016 862 2042 20.
890 2003 965 2053 Jer.
976 2015 1062 2053 4,2.
1077 2016 1109 2045 2
1129 2010 1239 2064 Chron.
1253 2014 1349 2071 6,22.
1360 2013 1398 2062 f.

1385 2078 1489 2118 2)Al⸗
