1603 2503
312 438 963 496 Liebes⸗und Helden⸗Geſchichte.

996 461 1075 497 201

182 554 263 596 nen,
283 550 351 591 und
372 548 507 595 tauſend
525 544 724 595 gegruͤndete
751 548 819 582 und
846 551 1089 590 ungegruͤndete

183 592 389 647 Vorwuͤrffe
404 598 474 645 ſind
498 601 547 636 die
569 597 725 640 taͤglichen
747 598 1037 639 Unterhattungen,
1056 605 1089 632 ſo

185 662 266 695 man
286 662 352 696 von
377 655 474 700 ihnen
493 652 720 700 einzunehmen
741 650 809 695 hat.
860 651 933 694 Ja,
951 657 1089 695 verſetzte

185 700 318 752 hierauf
329 704 378 744 die
384 702 562 753 Hertzogin
573 703 630 738 mit
643 708 748 737 etwas
761 701 1009 744 aufgebrachter
1018 711 1091 739 Mi⸗

189 756 234 807 ne,
242 760 340 806 dieſes
350 762 430 800 alles
442 758 568 803 ſcheinet
582 764 670 803 zwar
681 754 763 799 nicht
777 758 866 800 gantz
879 757 958 796 ohne
958 758 1092 795 Grund

185 816 223 854 zu
239 811 319 859 ſeyn.
372 810 540 855 Dennoch
552 809 644 856 aber,
656 810 700 848 da
714 807 829 848 Gutes
848 809 917 848 und
930 807 1045 847 Boͤſes
1060 813 1094 846 in

189 864 242 907 der
266 866 369 909 Welt
396 861 600 909 untermiſcht
622 861 681 911 iſt,
708 859 777 901 und
800 859 864 898 wir
888 860 952 898 das
980 858 1097 907 Suͤſſe

188 911 272 957 nicht
294 914 325 961 ſo
343 911 517 959 ſchmecken
533 909 681 957 wuͤrden,
698 908 842 956 woferne
863 909 929 948 kein
948 908 1099 949 Saures

190 966 223 1006 in
240 968 294 1008 der
309 965 411 1008 Welt
431 961 532 1009 waͤre,
548 961 579 1007 ſo
593 958 678 1002 wird
695 963 750 1002 der
764 961 857 1009 Herr
877 960 1005 1000 Baron
1021 966 1101 998 mei⸗

191 1027 231 1059 ne
245 1018 424 1066 Meynung
440 1016 523 1059 auch
540 1015 623 1062 nicht
638 1011 790 1062 gaͤntzlich
808 1013 1005 1059 mißbilligen
1025 1014 1101 1052 koͤn⸗

194 1078 267 1117 nen,
287 1079 385 1114 wenn
405 1070 451 1114 ich
470 1068 641 1113 behaupte,
655 1065 723 1116 daß
736 1067 796 1113 bey
815 1067 1011 1110 dergleichen
1025 1068 1103 1110 auſ⸗

195 1113 453 1161 ſerordentlichen
477 1112 721 1163 Zaͤrtlichkeiten
746 1118 912 1153 verliebter
929 1118 1103 1159 Perſonen

194 1166 361 1212 bisweilen
378 1166 461 1216 nicht
472 1175 537 1209 nur
553 1167 870 1215 auſſerordentliches
879 1169 1105 1211 Mißvergnuͤ⸗

193 1214 266 1265 gen,
277 1217 411 1262 ſondern
437 1219 517 1270 auch
533 1224 648 1258 meines
662 1220 855 1259 Erachtens,
867 1225 1105 1260 auſſerordent⸗

195 1274 293 1317 liches
307 1263 376 1315 und
392 1273 455 1321 faſt
471 1275 563 1319 gantz
579 1274 879 1318 unvergleichliches
889 1274 1106 1315 Vergnuͤgen

196 1329 353 1373 entſtehen
371 1326 481 1377 muͤſſe.
534 1327 608 1369 Alle
617 1321 780 1379 Gluͤcks⸗
794 1329 852 1364 und
866 1328 1061 1379 Ungluͤcks.,
1074 1332 1108 1366 ſo

194 1375 278 1421 auch
293 1381 355 1418 alle
371 1370 619 1425 Vergnuͤgens⸗
634 1377 703 1415 und
715 1376 1026 1423 Mißvergnuͤgens⸗
1037 1381 1108 1413 Ab⸗

195 1427 435 1476 wechſelungen
459 1421 581 1478 muͤſſen
617 1429 689 1467 dem
716 1429 893 1469 Menſchen
923 1435 1108 1468 angenehm

195 1472 281 1525 ſeyn.
353 1474 573 1527 Dergleichen
597 1476 769 1524 Perſonen
804 1482 928 1529 koͤnnen
961 1486 1109 1532 beynahe

197 1526 304 1574 nichts
327 1529 452 1575 anders
473 1528 679 1574 empfinden,
695 1532 750 1564 als
768 1542 972 1580 diejenigen,
989 1553 1109 1580 welche

198 1581 265 1628 auf
283 1584 383 1626 denen
404 1579 577 1625 wuͤtenden
617 1581 907 1632 Meeres ⸗ Wellen
934 1589 1110 1624 ſchweben,

197 1638 268 1675 und
288 1643 354 1685 von
376 1634 495 1678 Wind
509 1636 579 1676 und
587 1632 738 1677 Sturm,
747 1638 831 1671 auch
851 1641 977 1671 andern
987 1641 1107 1675 Anfaͤl⸗

199 1678 261 1724 len,
273 1680 338 1720 eine
352 1676 503 1729 Zeitlang
519 1685 574 1724 hin
593 1687 662 1717 und
688 1689 744 1720 her
763 1690 941 1723 geworffen
966 1695 1108 1720 werden,

196 1721 282 1773 auch
299 1733 362 1772 alle
385 1729 601 1779 Augenblicke
622 1739 784 1776 gewaͤrtig
800 1740 869 1778 ſeyn
886 1742 1023 1772 muͤſſen,
1042 1744 1109 1771 daß

197 1787 249 1831 ihr
264 1783 396 1835 Schiff
414 1787 449 1825 in
473 1785 609 1826 tauſend
634 1789 792 1825 Stuͤcken
817 1792 1022 1826 zerſcheuert,
1041 1800 1112 1820 und

198 1837 241 1887 ſie
263 1837 369 1885 dabey
390 1837 453 1878 alle
467 1833 650 1885 Hoffnung
674 1843 881 1884 verliehren,
892 1845 943 1874 ihr
957 1843 1056 1871 Leben
1072 1853 1111 1876 zu

171 1899 309 1942 retten,
324 1893 456 1941 ſondern
473 1893 628 1935 vielmehr
644 1890 705 1936 ſich
719 1891 752 1929 in
769 1893 823 1928 der
830 1892 958 1934 groͤſten
968 1894 1114 1934 Beſtuͤr⸗

201 1943 294 1992 tzung
313 1944 401 1992 ihres
424 1937 618 1989 Gemuͤthes
633 1944 702 1981 und
722 1941 783 1980 mit
798 1938 1007 1989 betruͤbteſten
1025 1946 1115 1988 Her⸗

204 1997 265 2040 tzen
276 1998 335 2038 den
346 1991 573 2046 verzweifelten
589 1990 732 2044 Schluß
751 1990 862 2043 faſſen,
877 1993 937 2036 ſich
955 2005 991 2036 zu
1011 2009 1117 2032 einem

202 2042 448 2098 jaͤmmerlichen
458 2042 560 2090 Tode
566 2054 604 2096 zu
616 2042 764 2085 bereiten.
786 2048 864 2090 Auf
867 2050 1012 2088 einmahl
1022 2060 1117 2091 aber,

202 2107 272 2141 und
290 2107 391 2146 wider
408 2094 502 2154 alles
520 2098 720 2146 Vermuthen,
735 2099 844 2142 heitert
858 2101 918 2145 ſich
928 2106 981 2137 der
990 2112 1119 2144 erzuͤrn⸗

205 2152 234 2189 te
246 2147 399 2208 Himmel
409 2152 590 2197 wiederum
606 2148 671 2199 auf
688 2150 756 2207 die
757 2153 860 2210 Wuth
885 2161 938 2189 der
958 2164 1119 2199 ſtuͤrmen⸗

660 2203 715 2256 N
715 2222 757 2275 5

1047 2233 1115 2272 den
