1871 2764
593 301 665 342 336

823 300 940 344 Lebu

1306 303 1436 346 Lebu

636 398 691 432 der
714 405 807 439 gegen
834 400 971 441 Morgen
994 399 1086 439 durch
1109 400 1154 436 die
1179 401 1266 438 Oder
1291 408 1351 438 von
1375 403 1429 437 der
1448 399 1608 439 Neumark
1635 410 1685 446 ge⸗

638 451 741 478 trennt
764 443 816 483 iſt;
838 454 932 486 gegen
951 446 1072 486 Mittag
1088 451 1191 488 grenzt
1208 454 1243 481 er
1258 458 1298 482 an
1321 449 1369 483 die
1384 447 1597 493 Niederlauſitz
1617 452 1681 485 und

637 496 696 531 ben
721 496 914 530 Bees ⸗ und
954 495 1187 535 Storkowſchen
1221 497 1334 539 Kreis,
1375 490 1468 538 gegen
1505 499 1608 533 Abend
1641 507 1683 534 an

635 540 692 573 den
720 540 781 581 letzt
806 544 976 580 genannten
1003 544 1064 574 und
1095 543 1149 575 den
1168 541 1462 582 Oberbarnimſchen
1480 536 1592 581 Kreis,
1615 546 1679 578 und

636 591 728 626 gegen
750 590 953 624 Mitternacht
971 600 1009 623 an
1030 593 1085 623 den
1104 589 1397 630 Oberbarnimſchen
1414 590 1523 631 Kreis,
1546 594 1607 626 und
1626 592 1682 627 die

635 623 806 672 Neumark.
856 637 901 670 Er
917 635 1044 678 enthaͤlt
1060 636 1131 681 28⅜
1158 642 1201 673 □
1232 639 1370 681 Meilen,
1403 636 1466 671 und
1483 639 1538 681 hat
1562 640 1593 673 in
1618 642 1682 675 An⸗

637 680 751 722 ſehung
773 682 867 721 ſeiner
877 683 1054 724 Oberflaͤche
1072 688 1213 722 manches
1233 686 1288 720 mit
1322 688 1371 720 dem
1381 678 1681 725 Oberbarnimſchen

634 735 736 771 Kreiſe
764 734 894 776 gemein,
929 737 989 769 und
1016 738 1088 769 man
1113 736 1327 777 unterſcheidet
1351 739 1399 772 die
1424 737 1512 783 Hoͤhe
1534 739 1596 773 und
1620 741 1681 775 das

637 782 761 818 Bruch;
788 779 831 814 die
855 782 928 818 beſte
945 779 1033 824 Hoͤhe
1050 782 1104 823 hat
1131 775 1224 823 guten
1239 786 1301 816 und
1327 784 1480 822 ſchlechten
1506 784 1682 827 Weizenak⸗

635 829 697 867 ker,
721 827 860 867 Gerſte,
879 827 1020 871 Haber,
1047 828 1109 861 und
1125 838 1145 869 3
1165 819 1275 871 jaͤhrig
1286 828 1511 872 Roggenland;
1534 832 1580 867 die
1606 834 1680 865 mit⸗

636 872 696 914 lere
722 877 809 921 Hoͤhe
828 879 885 915 hat
903 884 990 920 gutes
1010 881 1144 923 Gerſt⸗,
1170 880 1306 923 Haber,
1329 879 1391 916 und
1411 881 1572 925 3jaͤhriges
1588 881 1690 923 Rog⸗

635 925 788 966 genland;
818 927 865 958 die
892 926 1025 964 ſchlechte
1053 927 1142 968 Hoͤhe
1168 930 1222 966 hat
1247 937 1304 966 gar
1329 929 1414 968 kein,
1431 925 1514 975 oder
1524 929 1677 970 ſchlechtes

637 971 850 1010 Gartenland,
877 975 1000 1014 Haber⸗
1019 976 1079 1007 und
1101 974 1225 1017 3jaͤhrig
1237 974 1452 1017 Roggenland.
1473 973 1550 1011 Das
1572 971 1677 1020 Bruch

622 1013 691 1060 hat
715 1019 772 1051 den
780 1018 874 1057 beſten
891 1013 1111 1065 Weizenacker,
1130 1017 1187 1068 gut
1205 1016 1588 1067 Gerſt⸗ und Haberland.
1614 1023 1676 1062 Die

633 1061 773 1101 Ausſaat
780 1062 814 1102 iſt
823 1061 865 1103 im
874 1061 998 1104 Bruche
1004 1061 1085 1103 beim
1095 1058 1219 1110 Weizen
1237 1071 1271 1107 22
1287 1073 1413 1106 Metzen,
1436 1073 1483 1106 die
1495 1070 1601 1103 Erndte
1616 1073 1677 1104 das

636 1113 688 1146 6te
716 1112 830 1152 Korm;
859 1113 938 1146 beim
963 1113 1095 1150 Roggen
1122 1119 1163 1150 18
1193 1134 1238 1139 —
1258 1124 1302 1146 20
1328 1115 1470 1160 Metzen,
1471 1115 1609 1157 Erndte
1628 1109 1678 1164 4½

637 1164 687 1196 bis
710 1171 729 1201 5
755 1160 858 1201 Korn;
887 1165 931 1195 bei
958 1167 1010 1196 der
1035 1164 1141 1204 Gerſte
1165 1174 1212 1199 22
1241 1162 1379 1208 Metzen,
1405 1165 1521 1201 Erndte
1548 1170 1568 1198 6
1587 1166 1635 1200 bis
1652 1177 1676 1210 7

635 1211 740 1250 Korn;
775 1208 851 1244 beim
879 1201 983 1252 Haber
1011 1219 1057 1244 20
1091 1214 1117 1251 —
1152 1219 1199 1253 24
1218 1208 1356 1256 Metzen,
1381 1212 1497 1247 Erndte
1514 1212 1562 1257 5½
1577 1212 1675 1250 Korn.

636 1258 701 1301 Auf
726 1262 778 1295 der
804 1258 891 1302 Hoͤhe
915 1260 950 1300 iſt
973 1255 1011 1304 an
1035 1257 1181 1302 Weizen,
1204 1260 1340 1301 Ausſaat
1358 1270 1401 1294 20
1418 1280 1464 1289 —
1482 1262 1526 1298 22
1543 1262 1675 1306 Metzen,

632 1307 752 1342 Erndte
771 1316 789 1347 5
808 1326 846 1332 —
867 1307 886 1338 6
904 1305 1007 1348 Korn;
1032 1314 1071 1339 an
1096 1303 1413 1349 Roggen ⸗ Ausſaat
1416 1318 1453 1341 10
1475 1327 1517 1336 —
1541 1316 1581 1348 18
1600 1311 1675 1345 Me⸗

628 1360 713 1397 tzen,
723 1358 837 1392 Erndte
860 1366 887 1398 3
897 1376 942 1383 —
955 1368 976 1404 5
998 1356 1099 1399 Korn;
1119 1357 1236 1392 Gerſte,
1256 1358 1395 1392 Ausſaat
1412 1356 1461 1398 16
1477 1367 1518 1378 —
1537 1363 1578 1389 22
1598 1356 1673 1395 Me⸗

636 1413 711 1443 tzen,
745 1402 861 1442 Erndte
874 1411 906 1439 4
909 1417 967 1431 —
989 1402 1016 1435 6
1028 1406 1140 1439 Korn;
1157 1405 1203 1434 an
1220 1402 1323 1432 Haber
1341 1396 1477 1435 Ausſaat
1502 1405 1546 1442 14
1560 1415 1608 1427 —
1623 1396 1674 1435 16

634 1446 766 1485 Metzen,
794 1443 909 1480 Erndte
929 1439 1015 1484 3—
1033 1452 1053 1482 4
1070 1444 1165 1478 Korn.
1214 1446 1274 1480 Die
1287 1446 1419 1485 Ausſaat
1446 1447 1487 1479 im
1510 1447 1606 1485 Kreiſe
1623 1449 1674 1481 be⸗

634 1496 706 1528 trug
734 1493 775 1522 im
798 1491 900 1532 Jahre
937 1491 1034 1527 1786.
1063 1500 1132 1530 490
1157 1489 1252 1533 Wiſp.
1279 1491 1421 1534 Weizen,
1457 1491 1546 1533 3068
1574 1486 1672 1536 Wiſp.

635 1541 790 1578 Roggen,
822 1545 911 1579 2137
939 1533 1035 1580 Wiſp.
1061 1540 1188 1584 Gerſte,
1225 1529 1288 1574 und
1317 1540 1405 1585 1343
1434 1541 1531 1583 Wiſp.
1554 1541 1672 1583 Haber.

631 1588 721 1625 Nach
736 1587 935 1627 Borgſtede's
953 1586 1073 1635 Tabelle
1090 1591 1195 1623 waren
1212 1589 1244 1623 in
1261 1589 1369 1631 dieſem
1386 1589 1487 1631 Kreiſe
1506 1593 1549 1627 im
1565 1589 1673 1633 Jahre

633 1638 729 1676 1786.
756 1634 810 1675 auf
835 1638 901 1672 dem
911 1633 1040 1681 platten
1067 1632 1169 1682 Lande
1174 1641 1302 1678 30,486
1321 1638 1469 1680 Morgen
1469 1638 1525 1681 54
1541 1639 1670 1681 Ruthen

633 1682 859 1727 dreijaͤhriges,
884 1684 972 1725 1670
989 1680 1128 1724 Morgen
1150 1686 1213 1724 149
1233 1683 1359 1726 Ruthen
1386 1674 1567 1728 6jaͤhriges,
1601 1686 1670 1728 834

622 1731 775 1772 Morgen
793 1739 860 1771 174
876 1732 1002 1774 Ruthen
1018 1728 1201 1775 9jaͤhriges,
1225 1742 1293 1774 752
1312 1734 1451 1774 Morgen
1479 1745 1521 1769 12
1541 1733 1674 1776 Ruthen

632 1778 862 1821 zwoͤlfjaͤhriges
887 1778 1073 1815 Ackerland.
1073 1781 1132 1816 —
1196 1785 1256 1818 Bei
1289 1785 1344 1818 den
1378 1783 1546 1819 Staͤdten:
1575 1781 1667 1824 7332

633 1828 773 1867 Morgen
797 1830 840 1866 85
866 1820 994 1864 Ruthen
1015 1824 1197 1869 3jaͤhriges,
1235 1836 1302 1869 134
1318 1827 1458 1869 Morgen
1475 1838 1518 1870 55
1539 1828 1672 1872 Ruthen

634 1875 863 1917 fuͤnfjaͤhriges,
901 1880 989 1916 2478
1017 1875 1155 1919 Morgen
1193 1882 1257 1913 108
1283 1876 1409 1919 Ruthen
1439 1877 1670 1921 ſechsjaͤhriges,

635 1926 725 1964 1582
745 1921 885 1964 Morgen
902 1934 952 1964 90
965 1924 1092 1966 Ruthen
1111 1924 1351 1969 neunjaͤhriges,
1377 1934 1443 1968 749
1461 1925 1600 1966 Morgen
1621 1935 1670 1960 20

633 1972 762 2004 Ruthen
786 1967 1023 2006 zwoͤlfjaͤhriges.
1081 1967 1272 2005 Ueberhaupt
1299 1966 1359 2006 alſo
1385 1970 1509 2008 46,021
1530 1958 1690 2008 Morgen

634 2020 682 2058 27
689 2016 826 2059 Ruthen
841 2016 940 2058 wenig
957 2009 1119 2058 nutzbares
1134 2017 1307 2055 Ackerland.
1354 2020 1439 2055 Vom
1453 2020 1556 2063 Jahre
1570 2020 1690 2060 1776.

637 2067 686 2089 bis
715 2066 814 2097 1786.
823 2064 898 2096 ſind
922 2067 954 2092 in
979 2063 1086 2098 dieſem
1099 2061 1206 2095 Kreiſe
1221 2066 1310 2099 1344
1326 2056 1462 2100 Morgen
1479 2064 1526 2100 90
1541 2058 1690 2101 Ruthen

635 2113 724 2146 Acker
748 2113 809 2145 und
833 2110 954 2150 Wieſen
973 2108 1070 2145 urbar
1087 2111 1239 2152 gemacht,
1266 2113 1327 2147 und
1352 2113 1484 2152 dadurch
1501 2110 1554 2149 der
1569 2111 1668 2155 Vieh⸗

630 2162 716 2199 ſtand
736 2159 791 2189 mit
812 2166 876 2198 172
887 2152 994 2199 Kuͤhen
1011 2158 1166 2198 vermehrt
1183 2158 1317 2193 worden.
1372 2159 1430 2204 Jm
1447 2151 1568 2198 Bruche
1586 2156 1668 2200 giebt

622 2212 671 2239 es
686 2205 903 2247 mehrentheils
930 2205 1175 2248 zweiſchnittige,
1204 2207 1276 2241 oder
1290 2208 1361 2247 doch
1377 2206 1579 2249 einſchnittige
1592 2207 1668 2249 gute

635 2257 777 2293 Wieſen;
803 2254 856 2287 auf
873 2257 925 2285 der
939 2252 1026 2293 Hoͤhe
1042 2253 1122 2292 giebt
1138 2257 1172 2286 es
1190 2259 1270 2291 zwar
1290 2252 1361 2289 auch
1379 2252 1473 2294 einige
1491 2244 1668 2294 zweiſchnit⸗

632 2307 715 2345 tige,
739 2306 812 2338 aber
833 2302 965 2347 ſchlechte
977 2297 1114 2348 Wieſen.
1163 2295 1228 2343 Der
1236 2297 1424 2355 Viehſtand
1448 2294 1508 2351 war
1529 2306 1569 2342 im
1577 2304 1669 2350 Jah⸗

1632 2355 1690 2390 re
