1467 2167
175 358 420 427 POlifont,
451 359 515 406 ein
532 359 706 415 Tyrann
718 362 763 408 in
781 360 956 406 Meſſena
971 359 1082 420 hatte

263 424 329 456 aus
342 415 579 463 Regierſucht/
606 427 664 456 um
681 421 739 465 ſich
760 429 795 466 zu
819 418 948 467 beſſerer
957 419 1084 468 Außuͤ⸗

180 465 272 518 bung
282 468 380 518 ſeiner
390 469 594 519 Tyranney/
594 466 662 524 auf
665 474 725 512 den
737 468 950 523 Koͤniglichen
959 467 1083 523 Thron

178 517 361 566 ſchwingen
381 528 421 567 zu
443 514 597 562 koͤnnen/
610 523 669 562 den
691 521 897 561 Anaſſandro
913 522 1002 564 einen
1004 518 1082 571 ſehr

179 571 345 614 geheimen
363 570 430 608 und
448 574 636 611 vertrauten
673 569 811 616 Diener
833 575 887 615 der
926 570 1080 623 Koͤnigin

178 616 343 676 Merope,
356 620 448 677 durch
469 624 655 674 allzugroſſe
666 624 847 663 Promeſſen
869 629 990 673 endlich
1010 630 1073 669 da⸗

180 671 235 717 hin
256 671 434 719 gebracht/
467 672 531 719 daß
551 683 583 713 er
601 676 661 715 den
679 668 922 724 rechtmaͤſſigen
953 671 1071 724 Koͤnig

181 719 394 761 Cresfontem
414 724 503 771 nebſt
521 731 649 772 zweyen
664 726 841 775 Printzen/
867 728 900 777 ſo
915 732 985 770 und
1001 734 1076 772 der⸗

182 776 300 823 geſtalt
320 778 465 824 heimlich
485 778 665 820 ermordet/
687 779 749 827 daß
763 790 843 821 man
860 781 925 832 auf
937 783 986 823 die
998 784 1074 827 Ge⸗

176 825 320 868 dancken
342 825 534 868 kommen/
544 828 585 871 ob
602 824 691 878 haͤtte
708 840 743 871 es
756 832 806 873 die
819 827 971 883 Koͤnigin
980 833 1074 882 ſelbſt

175 878 241 927 alſo
253 876 374 931 muͤſſen
389 881 564 930 anſtellen/
589 883 726 933 welches
750 885 840 925 dann
861 888 942 934 auch
960 894 1076 927 verur⸗

174 930 298 980 ſachet/
309 932 375 980 daß
384 935 458 975 dem
474 934 638 975 Polifonti
657 938 708 979 die
718 936 933 987 Regierung/
952 937 983 981 ſo
983 937 1072 987 lang

174 980 395 1029 aufgetragen
413 985 569 1026 worden/
594 984 648 1035 biß
666 985 821 1037 Epitide,
875 986 1009 1035 welcher
1038 999 1073 1029 in

179 1032 322 1073 Ætolien
336 1030 502 1083 gefangen
512 1037 589 1083 lag/
604 1036 724 1078 wieder
740 1038 774 1079 in
792 1038 856 1086 ſein
867 1036 1071 1085 Koͤnigreich

172 1080 335 1125 kommen.
389 1081 485 1128 Eben
505 1095 563 1126 um
579 1083 674 1135 ſolche
690 1084 773 1135 Zeit
790 1086 890 1133 hatten
906 1088 956 1131 die
969 1081 1066 1133 Goͤt⸗

173 1137 220 1174 ter
238 1137 303 1176 das
336 1134 428 1178 Land
449 1138 510 1177 mit
537 1139 642 1178 einem
681 1139 889 1186 ungeheuren
939 1141 1063 1183 wilden

173 1182 360 1234 Schwein/
375 1188 514 1231 welches
535 1191 619 1227 alles
643 1184 852 1236 verwuͤſtete/
893 1190 962 1239 ſehr
987 1191 1066 1238 hart

173 1230 422 1280 heimgeſuchet/
427 1229 623 1282 weßwegen
626 1234 843 1284 demjenigen/
843 1232 897 1286 der
914 1229 964 1279 ein
974 1236 1003 1288 ſo
1018 1248 1067 1280 er⸗

172 1282 351 1336 ſchroͤcklich
368 1286 478 1335 Thier
497 1292 624 1336 erlegen
641 1288 777 1333 wuͤrde/
801 1295 881 1343 ſtatt
897 1296 984 1337 einer
1008 1295 1070 1335 rei⸗

172 1338 248 1386 chen
269 1335 508 1386 Belohnung/
535 1341 585 1383 die
601 1334 796 1393 Printzeſſin
818 1345 924 1394 Argia
928 1341 992 1394 zur
996 1344 1070 1387 Koͤ⸗

171 1385 332 1431 niglichen
343 1374 531 1432 Gemahlin
541 1395 578 1434 zu
592 1383 693 1434 geben
706 1388 910 1440 verſprochen
919 1391 1070 1431 worden.

171 1437 308 1484 Damit
322 1441 400 1480 aber
410 1442 493 1490 auch
503 1443 638 1490 Epitide
649 1447 682 1486 in
694 1445 752 1488 des
758 1445 942 1486 Polifontis
941 1444 1069 1490 Mord⸗

170 1488 280 1538 haͤnde
296 1486 421 1541 moͤchte
437 1493 605 1540 gerathen/
621 1494 678 1539 hat
691 1503 722 1535 er
739 1507 767 1544 zu
780 1496 913 1546 ſolchem
926 1497 1003 1541 End
1014 1501 1069 1538 be⸗

169 1546 260 1597 ſagte
273 1536 466 1590 Koͤnigliche
513 1539 708 1590 Printzeſſin
740 1549 923 1599 argliſtiger
945 1545 1068 1591 Weiſe

169 1582 237 1643 auß
260 1594 403 1635 Ætolien
423 1593 550 1636 rauben
565 1599 632 1638 und
644 1596 836 1646 wegfuͤhren
858 1600 979 1648 laſſen/
1004 1612 1067 1641 un⸗

169 1654 215 1683 ter
225 1649 296 1688 dem
309 1645 444 1698 falſchen
456 1649 609 1691 Prætext,
622 1654 681 1692 den
694 1647 828 1697 Epitide
844 1650 988 1701 dadurch
997 1662 1065 1695 von

168 1698 269 1744 ſeiner
303 1698 604 1752 Gefangenſchafft
640 1705 794 1745 liberiren
830 1706 899 1746 und
929 1705 994 1745 auf
1000 1706 1064 1753 den

169 1752 294 1798 Thron
302 1751 438 1802 bringen
449 1762 483 1796 zu
501 1749 626 1797 koͤnnen
664 1757 749 1801 Bey
762 1758 792 1803 ſo
808 1757 964 1806 geſtalter
978 1759 1064 1805 Sa⸗

166 1801 219 1849 che
228 1812 297 1840 nun
308 1807 422 1847 wurde
432 1804 557 1843 Liciſeo
569 1805 618 1852 ein
618 1805 849 1855 Abgeſandter
861 1813 927 1850 aus
942 1811 1064 1847 Ætoli-

167 1860 206 1890 en
223 1862 267 1891 an
289 1855 349 1896 den
371 1852 575 1894 Polifontem
598 1855 812 1905 abgeſchicket
819 1866 883 1900 mit
898 1862 970 1899 dem
984 1862 1065 1904 Be⸗

164 1904 301 1949 deuten:
328 1913 363 1949 es
382 1901 474 1952 waͤre
491 1907 626 1962 Epitide
656 1907 812 1954 albereits
849 1912 975 1958 Todeß
990 1923 1062 1954 ver⸗
