1579 2296
479 380 564 421 180.
590 376 689 424 Wie
711 376 790 417 ſollſt
803 377 861 413 du
874 376 987 414 deinen
1010 371 1180 430 Naͤchſten
1194 379 1324 422 lieben?

504 439 571 480 Als
587 442 664 486 mich
679 438 770 489 ſelbſt
788 441 854 480 und
876 437 939 487 alſo
961 438 1040 483 recht
1057 436 1180 485 herzlich
1200 440 1268 475 und
1289 436 1360 482 auf⸗

431 488 549 534 richtig.

483 547 619 593 Matth.
634 555 691 580 22.
703 551 734 579 v.
747 554 805 589 39.
834 543 902 585 Du
917 546 983 592 ſollt
997 547 1105 583 deinen
1121 543 1286 593 Naͤchſten
1305 542 1360 582 lie⸗

427 599 485 639 ben
503 601 555 638 als
576 601 639 645 dich
655 598 751 647 ſelbſt.

478 648 560 695 Cap.
576 658 609 692 7.
628 655 660 683 v.
677 659 729 687 12.
754 646 846 687 Alles
857 653 928 686 was
949 647 999 695 ihr
1011 644 1127 688 wollet,
1142 647 1205 682 das
1220 644 1292 690 euch
1308 646 1367 699 die

426 700 519 743 Leute
532 700 611 748 thun
631 699 735 750 ſollen,
753 705 816 739 das
839 700 914 747 thut
932 701 982 749 ihr
997 699 1099 747 ihnen.

431 769 515 808 181.
539 761 637 805 Wer
653 762 691 812 iſt
705 766 793 803 denn
809 756 991 812 Naͤchſter,
1017 764 1081 800 den
1101 758 1179 810 wir,
1204 757 1267 799 wie
1285 762 1356 799 uns

710 820 801 870 ſelbſt
816 818 923 861 lieben
948 820 1074 867 ſollen?

502 866 558 910 Es
575 869 611 913 iſt
627 869 675 906 ein
693 868 775 914 jeder
792 856 930 914 Menſch
948 864 1027 912 ohne
1040 866 1087 901 die
1101 865 1251 912 geringſte
1265 861 1366 903 Aus⸗

421 922 552 972 nahme,
568 925 650 961 denn
675 922 764 966 Gott
777 919 908 971 befiehlt
940 927 1005 960 uns
1029 915 1100 972 auch
1114 919 1223 967 unſere
1235 917 1354 967 Feinde

421 985 460 1025 zu
476 975 582 1014 lieben.

474 1025 566 1066 Mal.
582 1031 619 1061 2.
620 1025 653 1071 v.
669 1032 732 1061 10.
750 1021 867 1070 Haben
886 1025 945 1061 wir
957 1021 1040 1067 nicht
1053 1020 1111 1065 alle
1130 1023 1218 1060 einen
1230 1021 1354 1067 Vater,

421 1076 481 1128 hat
492 1085 556 1117 uns
572 1079 652 1125 nicht
668 1081 719 1116 ein
738 1077 829 1118 Gott
851 1070 1047 1127 geſchaffen?

472 1133 611 1180 Matth.
631 1142 659 1176 5.
679 1139 711 1167 v.
726 1140 785 1176 44.
813 1128 912 1171 Liebet
929 1126 1000 1170 eure
1013 1129 1151 1178 Feinde;
1175 1130 1291 1176 ſeegnet
1303 1130 1352 1168 die

420 1182 494 1228 euch
510 1178 647 1228 ſluchen;
674 1181 747 1229 thut
768 1181 855 1228 wohl
873 1183 982 1226 denen,
995 1181 1042 1218 die
1056 1179 1130 1224 euch
1145 1170 1269 1227 haſſen;
1293 1180 1352 1217 bit⸗

420 1246 467 1280 tet
483 1237 540 1287 fuͤr
558 1243 616 1283 die,
640 1236 671 1285 ſo
696 1238 768 1285 euch
788 1234 957 1283 beleidigen
974 1231 1028 1280 und
1050 1235 1224 1283 verfolgen.

419 1293 508 1330 182.
535 1289 627 1328 Aber
660 1288 770 1335 haben
780 1287 888 1338 nicht
910 1287 1037 1337 einige
1047 1282 1182 1330 unſerer
1206 1271 1348 1326 Neben⸗

441 1355 628 1403 Menſchen
644 1354 695 1393 ein
716 1354 869 1403 gewiſſes
893 1357 963 1395 und
983 1351 1131 1401 naͤheres
1144 1352 1258 1402 Recht
1276 1362 1323 1392 an

584 1408 655 1444 uns
668 1411 707 1449 zu
722 1400 810 1446 einer
821 1399 1052 1453 vorzuͤglichen
1067 1402 1182 1446 Liebe?

492 1453 567 1505 Ja!
592 1453 664 1493 Alle
685 1453 866 1501 diejenigen,
892 1453 942 1489 die
959 1455 1018 1488 mit
1041 1458 1106 1488 uns
1126 1453 1159 1489 in
1175 1453 1277 1489 einem
1292 1451 1350 1489 naͤ⸗

415 1510 494 1558 hern
513 1509 637 1549 Bande
653 1514 705 1548 der
723 1507 995 1556 Verwandſchaft
1020 1507 1133 1555 ſtehen,
1161 1509 1227 1543 und
1247 1507 1347 1551 ihrem

412 1554 541 1601 Herzen
562 1558 629 1592 und
659 1555 742 1604 ihrer
761 1553 845 1593 Liebe
871 1554 946 1598 nach
978 1560 1043 1592 uns
1075 1544 1276 1600 wahrhaftig
1296 1553 1346 1589 die

410 1604 578 1659 Naͤchſten
593 1613 667 1658 ſind.
719 1611 748 1661 Z
765 1610 830 1661 Ex.
849 1608 981 1656 Eltern,
995 1606 1194 1659 Ehegatten,
1205 1606 1346 1654 Kinder,

411 1663 664 1704 Haußgenoſſen
682 1674 719 1703 ꝛc.

469 1713 481 1735 1
500 1708 585 1740 Tim.
604 1705 725 1745 5.v.8.
754 1704 820 1736 So
832 1701 962 1747 jemand
983 1703 1031 1736 die
1055 1700 1167 1744 ſeinen,
1180 1699 1345 1745 ſonderlich

413 1765 494 1814 ſeine
518 1763 786 1813 Haußgenoſſen,
820 1763 903 1809 nicht
924 1762 1093 1817 verſorget,
1125 1765 1179 1801 der
1198 1764 1255 1811 hat
1284 1766 1347 1804 den

411 1816 567 1860 Glauben
581 1814 779 1864 verleugnet,
790 1819 854 1853 und
868 1815 905 1861 iſt
917 1814 1008 1862 aͤrger
1018 1818 1098 1852 denn
1116 1817 1163 1855 ein
1169 1811 1293 1862 Heyde.

657 1887 742 1926 183.
768 1877 866 1924 Wer
881 1877 964 1928 noch
986 1877 1108 1928 mehr?

486 1928 575 1983 Auch
589 1928 771 1981 diejenigen,
790 1930 841 1971 die
861 1927 970 1983 unſere
983 1925 1344 1978 Glaubens⸗Genoſſen,
