1716 2591
169 426 215 479 2.
215 426 386 479 Hauptſt.
386 426 541 479 Analyt.
541 426 590 479 d.
590 426 713 479 reinen
713 426 897 479 Verſtand.

940 441 1022 484 337

217 1854 252 1905 b)

281 516 438 566 derſelben
464 519 544 557 wird
569 522 601 558 in
618 524 673 559 der
690 520 807 562 Natur
833 525 938 558 weder
955 532 1024 561 ver⸗

280 570 384 618 mehrt
413 569 491 616 noch
516 571 720 611 vermindert.
773 577 866 616 Denn
893 576 1024 617 Erſchei⸗

279 637 401 671 nungen
420 629 482 671 ſind
500 630 532 665 in
549 631 599 669 der
614 630 689 676 Zeit,
715 631 838 675 folglich
857 633 933 668 allen
943 633 1023 676 Zeit⸗

279 678 490 722 bedingungen
508 680 729 723 unterworfen.
782 683 861 718 Nun
878 686 957 719 kann
976 685 1023 720 die

268 725 346 769 Zeit
361 736 401 761 an
426 718 477 771 ſich
499 728 578 768 nicht
599 729 867 771 wahrgenommen
889 733 1021 770 werden,

278 777 406 819 ſondern
431 782 463 813 es
489 779 561 820 muß
593 780 629 823 ſie
656 783 753 815 etwas
786 778 923 821 erfuͤllen.
976 787 1022 821 Es

279 829 352 870 muß
375 831 437 871 alſo
457 831 488 869 in
513 836 568 869 den
586 829 816 876 Gegenſtaͤnden
837 836 888 869 der
906 836 1020 878 Wahr⸗

281 883 440 921 nehmung
466 883 495 917 d.
516 883 535 923 i.
562 884 594 918 in
612 887 668 921 den
687 885 929 928 Erſcheinungen
950 886 1023 921 das⸗

279 933 377 975 jenige
392 935 583 978 angetroffen
600 940 732 980 werden,
756 940 880 978 welches
897 941 944 975 die
956 941 1022 984 Zeit

280 977 456 1018 uͤberhaupt
472 979 613 1022 vorſtellt,
632 983 694 1012 und
705 990 813 1018 woran
832 984 906 1019 aller
917 985 1020 1022 Wech⸗

276 1037 314 1077 ſel
339 1036 401 1070 und
418 1037 494 1072 alles
510 1036 722 1081 Zugleichſeyn
744 1039 911 1079 vorgeſtellt
928 1040 1034 1081 wird,

268 1088 308 1123 d.
328 1086 347 1123 i.
373 1089 432 1122 das
450 1086 658 1128 Beharrliche.
712 1088 790 1124 Nun
815 1088 922 1133 gehoͤrt
946 1092 1018 1126 aber

276 1146 328 1178 zur
347 1138 479 1181 Exiſtenz
496 1141 549 1178 der
565 1140 691 1186 Dinge,
719 1143 768 1177 als
787 1143 846 1178 das
864 1145 1019 1186 Subſtrat

268 1193 339 1230 und
366 1193 576 1235 Suppoſitum
601 1195 678 1232 alles
705 1192 831 1236 Realen
854 1189 914 1240 die
915 1193 1018 1236 Sub⸗

273 1236 366 1287 ſtanz.
421 1241 473 1279 Da
499 1250 562 1280 nun
594 1244 653 1281 das
679 1243 878 1287 Beharrliche
908 1245 939 1281 in
966 1248 1017 1282 der

276 1292 343 1340 Zeit
366 1295 422 1339 erſt
444 1296 522 1336 allen
540 1296 671 1341 Wechſel
695 1296 822 1343 moͤglich
841 1298 958 1342 macht,
987 1303 1016 1344 ſo

274 1350 307 1392 iſt
333 1352 391 1387 das
417 1351 617 1395 Beharrliche
638 1353 702 1388 eine
727 1354 884 1399 Subſtanz
908 1355 938 1389 in
963 1356 1017 1391 der

268 1393 499 1439 Erſcheinung,
527 1400 589 1436 und
608 1403 703 1439 daher
721 1403 790 1436 eine
803 1403 1017 1442 nothwendige

271 1441 463 1491 Bedingung
488 1451 563 1487 aller
583 1442 835 1493 Erſcheinungen.
891 1457 957 1487 Und
976 1459 1015 1489 da

268 1497 321 1533 die
345 1496 505 1541 Subſtanz
540 1499 583 1534 im
608 1500 733 1541 Daſeyn
762 1501 842 1539 nicht
874 1492 1015 1544 wechſeln

273 1551 370 1593 kann,
394 1553 423 1591 ſo
439 1554 518 1587 kann
534 1553 584 1593 ihr
599 1556 766 1593 Quantum
790 1556 821 1590 in
837 1557 891 1590 der
906 1557 1015 1593 Natur

268 1600 345 1640 auch
363 1601 461 1637 weder
478 1603 632 1642 vermehrt
648 1605 719 1642 noch
738 1603 923 1639 vermindert
938 1612 1012 1641 wer⸗

273 1658 339 1691 den.
391 1658 437 1693 Es
471 1657 545 1697 muß
577 1659 640 1699 alſo
672 1659 829 1700 Subſtanz
862 1661 899 1693 da
931 1660 1010 1704 ſeyn,

271 1700 340 1737 weil
373 1704 450 1738 ohne
480 1697 605 1746 dieſelbe
630 1712 687 1743 gar
712 1705 793 1738 keine
816 1704 1011 1750 Vorſtellung

271 1757 324 1789 des
348 1760 448 1793 realen
465 1753 615 1802 Wechſels
640 1763 669 1793 d.
689 1758 709 1792 i.
728 1759 809 1795 keine
826 1758 1010 1808 Erfahrung

274 1805 403 1848 moͤglich
430 1806 524 1848 waͤre.

278 1853 353 1899 Alle
361 1856 646 1900 Veraͤnderungen
664 1853 829 1906 geſchehen
845 1856 921 1904 nach
938 1864 1008 1898 dem

271 1905 401 1954 Geſetze
423 1911 485 1951 |der
517 1896 755 1957 Verknuͤpſung
792 1911 846 1953 der
877 1914 1010 1959 Urſache

272 1962 338 1999 und
354 1959 540 2006 Wirkung,
569 1959 660 2000 oder:
688 1951 779 1999 Alles
803 1971 875 2001 was
895 1969 927 2000 in
955 1967 1008 1999 der

270 2015 490 2065 Erſcheinung
506 2015 654 2069 entſtehet
678 2016 816 2065 (folglich
840 2025 886 2059 ein
905 2022 1008 2064 bloßes

271 2070 413 2112 Accidenz
437 2068 486 2114 iſt)
510 2065 566 2117 hat
590 2071 659 2110 eine
674 2068 810 2117 Urſache
831 2073 876 2114 (§.
895 2073 1007 2114 623.).

147 2125 267 2160 Jakobs
267 2125 342 2160 allg.
342 2125 433 2160 Logik.

629 2123 661 2173 Y

907 2131 1009 2163 Denn
