1708 2606
233 223 381 261 zweites
403 227 615 264 Hauptſtuͤck
641 221 716 255 vom
748 221 974 257 maleriſchen
1002 223 1122 259 Feur.

1143 218 1231 267 153

226 311 341 360 herbey
366 307 510 359 gefuͤhrte
542 310 670 359 Farben
693 315 759 354 und
794 310 933 353 Salben
979 302 1131 357 entſteht:
1177 315 1232 349 der

193 365 319 412 Herr
350 365 519 413 Verfaſſer
551 371 605 404 der
641 351 944 420 Betrachtungen
969 362 1043 401 uͤber
1065 369 1126 401 das
1160 363 1233 409 Er⸗

208 427 350 481 habne
375 431 440 466 und
474 426 602 472 Naive
624 423 765 479 ſchraͤnkt
786 430 881 475 daher
906 428 1034 476 daſſelbe
1066 426 1131 478 ſehr
1174 438 1233 465 un⸗

231 489 319 535 billig
350 487 414 536 auf
431 489 517 541 drey
547 483 663 536 Faͤlle,
689 484 769 536 auf
794 485 950 539 erhabne
973 487 1231 532 Geſinnungen;

232 539 407 597 laͤndliche
435 537 607 592 Stuͤcke,
636 544 703 580 und
727 527 954 595 unſchuldige
977 538 1231 584 Kinderreden

229 606 283 645 ein
299 608 338 655 z).
396 605 504 646 Denn
535 610 570 644 es
595 603 745 651 begegnet
768 606 834 654 hier
858 607 931 643 dem
961 605 1072 651 Herrn
1097 604 1233 653 Verfaſ⸗

229 656 276 708 ſer
302 658 476 703 dasjenige,
507 658 639 703 welches
659 647 767 707 bisher
799 668 863 695 nur
887 661 946 694 den
963 658 1125 706 bibliſchen
1146 656 1233 696 Ver⸗

228 715 451 767 nunftlehren,
477 722 543 758 und
559 716 794 768 Redekuͤnſten
803 717 892 763 eigen
907 727 995 753 war:
1038 718 1072 754 in
1104 719 1234 763 derglei⸗

227 772 303 821 chen
325 760 481 822 Buͤchern
503 773 601 821 findet
627 782 706 811 man
729 781 793 810 nur
816 770 990 820 diejenigen
1016 770 1152 811 Stellen
1171 772 1233 821 hei⸗

229 838 309 885 liger
325 835 461 886 Schrift
483 835 688 888 geſammelt,
715 838 749 876 in
764 836 898 882 welchen
920 833 1050 881 Tropen
1065 840 1129 873 und
1146 836 1234 875 Ver⸗

230 885 451 953 nunftſchluͤſſe
468 894 644 947 vorzuͤglich
668 897 800 944 ſichtbar
821 896 909 944 ſind,
941 895 993 934 als
1025 905 1118 933 wenn
1149 898 1235 944 nicht

228 955 278 993 die
296 963 391 1000 ganze
424 954 535 1003 heilige
560 954 702 1004 Schrift
725 958 788 995 mit
812 952 1049 1002 Begeiſterung
1074 958 1146 990 oder
1161 962 1234 991 tro⸗

229 1012 311 1066 piſch
345 1011 536 1064 geſchrieben
562 1009 680 1052 waͤre?
728 1017 794 1052 und
820 1013 872 1050 als
898 1021 991 1049 wenn
1018 1012 1100 1056 nicht
1138 1020 1235 1050 unter

228 1073 333 1126 dieſen
359 1071 490 1119 Tropen
522 1071 755 1120 durchgehends
789 1071 1023 1120 verſtuͤmmelte
1067 1072 1234 1121 Schluͤſſe,

229 1129 338 1182 Saͤtze
355 1134 427 1169 oder
444 1128 596 1176 Begriffe
620 1129 794 1176 verborgen
819 1124 922 1175 laͤgen.
1010 1129 1104 1168 Eben
1136 1129 1167 1179 ſo
1186 1132 1234 1168 be⸗

227 1188 331 1225 merkt
355 1184 448 1236 unſer
466 1183 635 1233 Verfaſſer
658 1194 722 1222 nur
748 1185 782 1222 in
800 1187 873 1232 drey
901 1178 1095 1229 Gattungen
1110 1180 1235 1233 ſchoͤner

228 1241 413 1287 Ausdruͤcke
436 1247 497 1282 das
514 1243 640 1291 Naive,
668 1246 735 1281 und
761 1241 876 1293 ſcheint
891 1231 963 1289 zum
979 1239 1121 1280 Voraus
1139 1252 1175 1288 zu
1194 1240 1235 1293 ſe⸗

228 1306 305 1349 tzen,
332 1300 381 1337 die
404 1296 537 1347 uͤbrigen
555 1296 733 1338 Stilarten
747 1296 876 1347 duͤrften
899 1296 1038 1343 weniger
1056 1285 1131 1334 naiv
1149 1297 1233 1347 ſeyn.

228 1369 339 1410 Allein
359 1368 422 1407 mit
447 1366 599 1416 Unrecht!
633 1366 752 1416 Schon
766 1365 892 1409 Gellert
915 1366 1013 1414 findet
1036 1372 1097 1404 das
1120 1367 1236 1405 Naive

229 1430 309 1474 auch
332 1430 366 1465 in
396 1426 560 1480 Briefen
576 1425 616 1477 ª)
644 1430 712 1464 und
739 1426 883 1479 folgende
898 1426 1013 1466 Stelle
1042 1432 1105 1465 aus
1135 1427 1235 1475 deſſen

228 1470 372 1544 Fabeln
385 1487 428 1539 ᵇ)

288 1558 384 1606 Was
402 1560 510 1617 ſagten
529 1564 603 1606 Sie
623 1564 751 1613 Papa?
781 1564 856 1606 Sie
879 1562 980 1614 haben
995 1562 1085 1612 Sich
1102 1560 1238 1616 verſpro⸗

813 1619 906 1667 chen!

255 1677 353 1726 Jch
369 1673 440 1728 ſolt'
456 1677 517 1725 erſt
548 1673 689 1725 vierzehn
713 1671 822 1726 Jahre
846 1676 949 1727 ſeyn?

286 1732 395 1780 Nein,
418 1730 562 1780 vierzehn
586 1729 677 1780 Jahr
703 1734 769 1771 und
785 1732 886 1779 ſieben
901 1726 1078 1780 Wochen?

741 1805 793 1851 K
793 1805 853 1851 5

1181 1802 1241 1855 iſt

271 1913 302 1957 z)
322 1917 352 1949 in
376 1919 423 1950 der
444 1914 629 1955 Bibliothek
668 1921 724 1949 der
750 1913 875 1956 ſchoͤnen
899 1913 1149 1956 Wiſſenſchaften
1173 1921 1238 1949 und

326 1962 424 2010 freien
444 1959 577 2009 Kuͤnſte,
599 1962 643 1997 B.
660 1970 691 1997 2.
705 1961 794 1995 Seite
811 1961 883 2000 265.

263 2017 308 2059 a)
328 2017 359 2049 in
380 2017 463 2055 ſeiner
484 2018 647 2055 praktiſchen
670 2016 858 2057 Abhandlung
882 2023 947 2047 vom
962 2020 1047 2055 guten
1059 2016 1239 2055 Geſchmacke

331 2064 362 2095 in
383 2048 503 2097 Briefen
526 2058 580 2098 auf
592 2061 637 2090 der
651 2066 693 2099 71
713 2062 769 2092 und
779 2061 817 2099 ff.
833 2058 920 2092 Seit.

268 2114 302 2158 b)
323 2116 376 2155 auf
393 2118 438 2146 der
455 2110 526 2155 264.
538 2115 627 2148 Seite
636 2117 684 2147 des
693 2109 877 2157 angefuͤhrten
891 2114 1012 2147 Bandes
1021 2116 1067 2146 der
1075 2114 1239 2155 Bibliothek

332 2167 377 2202 der
400 2163 511 2205 ſchoͤnen
534 2164 770 2205 Wiſſenſchaften.
