1500 2345
463 363 546 411 190

576 355 887 412 Beſchreibung
899 355 967 403 des
982 363 1082 411 ganz
1096 356 1316 404 entdeckten

449 439 667 492 derjenigen
676 439 836 488 Gnade,
845 433 905 492 die
912 440 973 494 ihr
988 438 1102 493 heute
1117 451 1168 482 an
1181 451 1312 483 eurem

449 492 584 546 Theile
603 506 698 535 vom
715 492 908 544 Heylande
926 492 1103 548 genoßen
1121 493 1237 544 habt,
1263 507 1315 543 zu

451 546 642 592 erinnern,
650 545 811 595 ſondern
829 543 925 596 auch
942 543 1162 597 uͤberhaupt
1175 556 1228 586 an
1240 549 1317 590 alle

450 594 610 642 Bruͤder
627 600 667 639 in
683 597 784 644 allen
799 596 1013 641 Gemeinen
1028 599 1069 639 in
1088 597 1154 639 der
1167 607 1315 650 ganzen

450 645 567 691 Welt
593 658 638 691 zu
664 644 877 698 gedenken,
910 647 991 689 und
1020 658 1066 693 zu
1095 644 1314 698 uͤberlegen,

448 707 539 738 was
561 695 611 740 da
630 700 697 740 der
712 697 884 748 Heyland
909 701 1029 741 einem
1056 698 1164 740 ieden
1186 710 1237 741 an
1263 697 1317 751 je⸗

448 744 537 784 dem
562 744 661 784 Orte
686 743 888 793 beſonders
912 756 988 786 vor
1014 736 1158 788 Gnade
1172 753 1314 795 ausge⸗

449 800 585 851 theilet
604 801 729 851 haben
749 806 864 845 wird.
938 803 999 856 Ja
1011 802 1096 855 Jhr
1115 799 1203 856 ſollt
1215 802 1315 855 auch

448 843 657 891 bedenken,
690 854 779 885 was
800 845 869 887 der
885 845 1059 895 Heyland
1084 847 1124 887 in
1149 845 1315 898 vorigen

447 900 590 947 Zeiten,
605 898 676 951 ſeit
706 901 765 943 dem
787 913 829 940 es
847 898 928 949 ihm
944 901 1111 952 gefallen
1122 901 1209 951 hat,
1219 902 1316 947 Zeu⸗

446 952 524 1002 gen
536 955 619 988 von
633 948 699 989 der
715 946 860 991 Gnade
880 947 1150 996 auszuſenden,
1171 962 1226 990 an
1233 951 1314 988 vie⸗

446 1008 509 1040 len
519 995 723 1048 tauſenden
736 996 837 1048 that,
848 999 923 1039 wie
932 1011 970 1040 er
978 997 1026 1050 ſie
1035 1000 1106 1040 mit
1114 1001 1225 1052 Geiſt
1232 1004 1315 1044 und

446 1045 588 1107 Kraft,
619 1046 711 1105 Herz
709 1056 789 1095 und
807 1053 940 1106 Muth
956 1052 1209 1104 begnadigte,
1235 1054 1315 1105 daß

446 1094 498 1149 ſie
520 1099 623 1153 nicht
644 1101 758 1142 allein
779 1102 850 1142 mit
871 1101 1026 1151 tauſend
1039 1100 1216 1152 Freuden
1229 1113 1314 1144 von

445 1144 515 1189 der
528 1148 672 1192 Gnade
684 1159 857 1196 zeugten,
874 1147 1035 1201 ſondern
1051 1148 1147 1199 auch
1164 1148 1256 1193 eben
1272 1150 1314 1202 ſo

446 1198 606 1251 freudig
629 1199 704 1246 zur
719 1193 919 1251 Schmach
944 1205 1024 1244 und
1042 1203 1205 1244 Marter
1227 1203 1314 1246 gin⸗

446 1246 534 1300 gen,
554 1245 638 1301 ihre
648 1247 760 1295 Haͤlſe
775 1244 986 1294 darboten,
1012 1251 1093 1288 und
1107 1248 1169 1297 ihr
1181 1242 1314 1291 Leben

447 1306 523 1335 vor
539 1295 664 1343 nichts
682 1288 867 1344 achteten.
916 1298 981 1339 Er
999 1295 1103 1349 ſagte
1116 1297 1237 1342 denn,
1253 1297 1314 1339 die

447 1344 608 1394 Bruͤder
630 1343 809 1401 moͤchten
823 1344 1026 1400 beſonders
1053 1358 1105 1389 an
1125 1346 1198 1392 den
1210 1347 1315 1397 Heil.

445 1397 708 1450 Stephanum
722 1396 933 1453 gedenken,
953 1399 1085 1442 davon
1101 1398 1169 1442 der
1184 1401 1313 1452 heuti⸗

445 1458 495 1503 ge
510 1438 603 1506 Tag
617 1449 739 1502 ſeinen
752 1451 917 1494 Namen
927 1445 1162 1505 empfangen
1174 1449 1285 1502 habe.

520 1503 667 1557 Hierbey
693 1506 807 1549 wurde
832 1495 1011 1558 etlichemal
1037 1506 1153 1558 herum
1177 1511 1312 1558 getrun⸗

442 1542 514 1607 ken,
535 1562 604 1598 und
615 1555 657 1599 er
671 1561 772 1600 redete
786 1560 901 1599 immer
916 1562 1028 1612 weiter
1042 1561 1176 1609 fort.

519 1659 598 1702 Die
613 1657 772 1703 Bruͤder
784 1656 917 1712 ſollten
931 1656 1004 1712 ſich
1018 1659 1115 1713 doch
1131 1658 1204 1701 das
1212 1657 1313 1708 Herz

446 1699 652 1752 Stephani
660 1701 773 1752 heute
788 1701 911 1757 einmal
932 1697 1036 1758 recht
1054 1701 1206 1754 lebhaft
1216 1703 1309 1744 vor⸗

446 1751 589 1803 ſtellen,
597 1755 676 1794 und
685 1752 971 1802 bedenken,
902 1753 966 1805 wie
985 1752 1057 1795 lieb
1072 1766 1113 1795 er
1129 1750 1202 1794 den
1208 1751 1309 1806 Hey⸗

445 1801 537 1845 land
551 1798 665 1852 muͤße
679 1800 825 1854 gehabt
837 1801 977 1852 haben,
994 1804 1056 1845 als
1069 1804 1108 1852 ſo
1123 1800 1200 1845 viel
1207 1803 1309 1854 hun⸗

447 1856 532 1898 dert
546 1853 690 1896 Steine
717 1853 794 1904 auf
819 1851 886 1909 ihn
896 1852 1135 1904 zugeflogen
1154 1852 1309 1912 gekom⸗

446 1910 537 1946 men
556 1896 711 1947 waͤren,
726 1903 812 1946 daß
831 1901 901 1953 ihn
914 1903 990 1945 das
1007 1900 1111 1945 Blut
1127 1900 1219 1948 uͤber
1231 1906 1305 1942 ſein

445 1943 646 2015 Angeſicht
669 1946 836 2003 gelaufen
853 1952 928 1999 ſey.
972 1952 1068 1997 Wie
1082 1945 1253 2005 liebreich
1265 1950 1307 1991 er

1212 2003 1308 2051 ſeine
