1750 2576
691 301 780 353 591

293 403 408 437 Andere
435 396 591 443 glaͤnzende
615 399 898 442 Lufterſcheinungen
921 399 981 438 ſind
1007 401 1049 435 die
1069 401 1154 434 unter
1178 400 1231 434 den

217 450 337 487 Namen
363 452 410 483 der
437 444 535 493 Hofe
564 449 722 483 bekannten
752 446 876 488 groͤßern
902 450 968 480 oder
994 448 1117 482 kleinern
1142 448 1232 483 hellen

215 503 313 543 Ringe
331 510 379 534 um
399 501 442 535 die
459 502 566 537 Sonne
582 501 647 534 oder
669 502 721 534 den
744 501 854 535 Mond.
904 501 964 534 Sie
989 500 1126 538 entſtehen
1149 502 1232 532 eben⸗

217 553 290 595 falls
310 554 394 590 durch
412 552 568 593 Brechung
589 554 639 584 des
658 549 754 590 Lichts
772 552 831 584 und
849 553 896 585 der
914 550 1062 593 Reflexion
1088 551 1149 584 und
1166 551 1233 591 Zer⸗

218 606 350 646 ſtreuung
381 606 513 647 deſſelben
544 605 574 638 in
606 605 719 645 Farben
747 603 776 636 in
804 606 855 637 den
885 602 1019 644 Duͤnſten
1045 603 1157 645 unſerer
1179 605 1233 636 At⸗

216 654 380 698 moſphaͤre.
424 656 563 700 Jndeſſen
589 655 692 696 ſcheint
722 654 792 692 auch
810 656 869 688 eine
888 657 935 687 der
958 654 1154 693 vornehmſten
1174 655 1230 688 Ur⸗

219 709 318 752 ſachen
347 709 431 750 dieſer
457 708 649 750 Erſcheinung
675 707 730 739 mit
756 706 785 739 in
813 708 860 740 der
877 708 1029 746 beſondern
1050 706 1233 748 Beſchaffen⸗

218 760 276 799 heit
292 762 350 793 und
369 761 476 795 Natur
488 762 535 794 der
556 758 666 794 Duͤnſte
683 767 717 799 zu
734 757 836 799 liegen,
859 765 915 791 von
932 761 980 792 der
999 760 1054 793 wir
1070 758 1139 793 aber
1161 760 1231 799 noch

219 813 316 855 nichts
333 813 520 855 Beſtimmtes
539 813 623 854 ſagen
641 810 759 846 koͤnnen.

289 906 356 941 Aus
375 904 519 947 denſelben
538 901 682 939 Gruͤnden
708 904 778 943 muß
799 911 871 936 man
890 903 960 940 auch
982 903 1025 936 die
1042 903 1094 944 ſich
1114 901 1231 943 manch⸗

218 952 280 988 mal
299 951 446 992 zeigenden
463 948 722 993 Nebenſonnen
741 955 798 985 und
818 949 1074 989 Nebenmonde
1093 949 1230 991 erklaͤren,

218 1006 366 1036 worunter
393 1010 463 1033 man
485 1001 688 1041 Abbildungen
707 1001 755 1033 der
772 1002 881 1034 Sonne
899 994 958 1032 und
978 1003 1028 1034 des
1048 1000 1182 1036 Mondes
1200 1001 1232 1032 in

221 1058 276 1092 den
288 1054 417 1094 Duͤnſten
437 1058 482 1091 der
491 1052 680 1097 Atmoſphaͤre
700 1054 829 1094 verſteht,
858 1055 900 1086 die
916 1053 1088 1096 gewoͤhnlich
1104 1055 1158 1088 mit
1170 1054 1234 1095 far⸗

220 1102 305 1148 bigen
332 1106 398 1139 oder
422 1114 495 1147 ganz
521 1105 629 1146 weißen
650 1105 770 1145 Ringen
788 1105 924 1144 umgeben
947 1103 1017 1142 ſind,
1038 1104 1107 1141 auch
1127 1103 1231 1145 zuwei⸗

220 1160 265 1196 len
292 1158 440 1202 Schweife
465 1159 556 1198 hinter
583 1157 636 1199 ſich
653 1158 761 1200 ziehen.
805 1159 866 1192 Die
886 1159 1069 1199 eigentlichen
1088 1159 1229 1200 Urſachen

220 1211 309 1253 dieſes
335 1206 525 1248 Phaͤnomens
552 1209 612 1248 ſind
641 1211 710 1243 aber
735 1208 878 1250 ebenfalls
904 1218 961 1242 von
986 1211 1040 1242 den
1066 1208 1230 1252 Naturfor⸗

220 1263 316 1306 ſchern
331 1261 401 1302 noch
421 1261 495 1304 nicht
511 1258 660 1303 ausfindig
680 1261 808 1302 gemacht
827 1261 955 1295 worden.

296 1371 369 1407 Von
398 1369 446 1403 der
461 1369 580 1411 Urſache
597 1371 644 1403 der
662 1362 1161 1412 Abend⸗ und Morgenroͤthe
1178 1368 1231 1406 ha⸗

220 1417 275 1452 ben
292 1416 348 1449 wir
363 1416 444 1458 ſchon
463 1415 550 1453 oben,
580 1423 626 1447 wo
642 1415 697 1448 wir
715 1423 772 1448 von
789 1418 836 1448 der
858 1413 1063 1455 Daͤmmerung
1080 1414 1228 1456 ſprachen,

220 1475 277 1506 das
303 1471 457 1512 Noͤthigſte
481 1468 645 1512 angefuͤhrt.
695 1472 741 1506 Es
771 1471 802 1510 iſt
827 1479 881 1503 nur
910 1470 979 1505 noch
1005 1478 1039 1509 zu
1075 1469 1230 1507 bemerken,

222 1522 280 1561 daß
304 1521 349 1556 die
375 1522 477 1558 rothen
499 1521 556 1554 und
585 1519 683 1561 gelben
707 1520 854 1557 Strahlen
881 1519 960 1552 dabei
980 1528 1028 1552 am
1052 1518 1181 1560 ſtaͤrkſten
1200 1520 1232 1553 in

219 1572 303 1613 unſer
321 1571 403 1611 Auge
420 1572 565 1610 kommen,
592 1568 730 1609 waͤhrend
758 1570 801 1602 die
818 1570 927 1602 andern
945 1570 1058 1610 Farben
1076 1570 1147 1606 nach
1166 1572 1231 1603 dem

221 1622 323 1665 Zenith
348 1631 383 1663 zu
412 1623 466 1663 ſich
490 1623 521 1657 in
545 1623 679 1656 einander
695 1622 860 1655 verlieren.
905 1639 915 1645 —
957 1624 1030 1656 Das
1058 1621 1231 1662 ſogenannte

219 1673 484 1721 Waſſerziehen
503 1678 551 1710 der
569 1672 706 1714 Sonne
725 1677 776 1711 hat
788 1676 879 1716 ſeinen
898 1676 1004 1709 Grund
1022 1676 1118 1712 darin,
1145 1683 1230 1707 wenn

222 1725 267 1759 die
291 1724 543 1765 Sonnenſtrahlen
575 1726 659 1763 durch
680 1725 862 1765 Oeffnungen
882 1724 912 1755 in
929 1725 1047 1758 Wolken
1065 1724 1231 1764 hervorbre⸗

223 1779 290 1820 chen
307 1779 366 1811 und
383 1778 427 1813 die
442 1776 553 1820 Duͤnſte
571 1778 618 1810 der
635 1775 828 1819 Atmoſphaͤre
848 1776 1015 1817 erleuchten.

299 1946 362 1986 Ehe
386 1946 441 1979 wir
466 1945 554 1986 dieſen
579 1945 672 1986 letzten
698 1945 850 1987 Abſchnitt
872 1945 1024 1986 ſchließen,
1050 1943 1154 1977 wollen
1177 1942 1234 1976 wir

222 1992 293 2028 noch
324 1993 383 2025 eine
408 1992 487 2033 kurze
509 1989 666 2030 Ueberſicht
691 1997 747 2023 von
767 1993 818 2023 den
839 1989 1031 2027 vornehmſten
1049 1990 1232 2032 Hypotheſen

222 2038 321 2079 geben,
355 2039 400 2073 die
417 2037 487 2073 uͤber
503 2038 547 2072 die
566 2037 742 2080 Entſtehung
762 2039 819 2071 und
840 2039 972 2079 Bildung
991 2040 1040 2070 der
1061 2038 1151 2078 Welt,
1172 2038 1232 2069 und

723 2098 752 2137 P
781 2105 802 2139 p

1170 2096 1232 2129 ins⸗
