2495 2748
202 370 302 427 dieſes
312 376 470 423 Worts,
491 385 527 423 zu
546 386 609 424 gar
623 377 854 427 ſonderbarem
870 378 971 428 Troſt
989 384 1043 423 der
1052 377 1270 429 Glaͤubigen,
1285 381 1331 420 im
1347 382 1471 424 Neuen
1487 381 1686 429 Teſtament

202 431 346 473 bedienet
362 430 482 479 haben.
530 432 643 475 Denn
658 429 757 480 Phil.
766 443 805 478 4,
818 444 855 478 4.
864 441 900 471 5.
915 430 1029 481 troͤſtet
1040 434 1185 485 Paulus
1201 437 1252 475 die
1268 431 1463 484 Glaͤubigen
1473 436 1582 476 damit
1595 437 1686 486 alſo:

201 482 339 531 Freuet
364 482 454 528 euch
472 485 512 521 in
535 483 620 523 dem
642 483 795 530 HErrn
820 483 1025 533 allewege,
1050 484 1129 524 und
1146 484 1317 525 abermal
1331 485 1415 536 ſage
1435 486 1514 532 ich:
1545 487 1685 536 Freuet

201 532 301 579 euch.
355 534 467 576 Eure
483 531 707 591 Lindigkeit
721 533 829 585 laſſet
847 536 948 577 kund
970 536 1053 587 ſeyn
1071 537 1170 578 allen
1192 538 1413 586 Menſchen.
1464 540 1546 581 Der
1560 540 1689 587 HErr

200 580 248 633 iſt
264 581 374 629 nahe.
427 583 507 624 Der
525 579 660 630 Apoſtel
677 582 747 623 will
763 583 871 625 damit
879 583 912 633 ſo
926 583 988 625 viel
1003 596 1039 634 zu
1057 585 1216 626 erkennen
1227 584 1349 633 geben:
1365 594 1461 626 wenn
1471 586 1556 627 einer
1565 584 1689 627 einmal

202 634 236 675 in
253 634 308 673 der
317 630 512 682 Wahrheit
525 634 679 681 erkenne,
705 640 782 675 was
800 646 832 676 er
849 634 884 675 in
893 635 1048 685 CHriſto
1063 636 1167 683 habe,
1195 638 1250 677 der
1267 634 1372 677 koͤnne
1385 638 1466 686 nach
1490 639 1543 677 dem
1566 647 1691 679 inwen⸗

201 683 322 733 digſten
341 684 471 729 Grund
486 683 588 732 ſeines
604 686 765 735 Hertzens
782 685 871 733 nicht
885 687 1023 735 anders,
1041 689 1096 728 als
1109 688 1169 736 ſich
1187 688 1313 737 freuen.
1364 689 1474 732 Denn
1492 700 1557 730 wer
1566 690 1689 737 CHri⸗

202 735 286 783 ſtum
303 732 473 783 gefunden
490 733 571 784 hat,
596 737 652 777 der
669 735 729 784 hat
747 736 809 776 den
825 735 981 786 Himmel
995 740 1065 778 und
1068 732 1143 785 alle
1152 736 1340 788 Seligkeit,
1355 740 1391 785 ja
1411 740 1461 779 die
1471 740 1691 788 Herrlichkeit

204 786 354 831 GOttes
370 784 550 835 gefunden.
599 788 695 832 Wer
708 786 868 834 demnach
885 796 921 836 zu
934 787 1005 835 ihm
1021 790 1170 830 kommen
1194 789 1250 839 iſt,
1276 791 1345 829 und
1366 790 1436 838 ihm
1457 791 1520 840 ſein
1538 791 1635 839 Hertz
1657 790 1692 829 in

204 840 259 878 der
278 834 475 885 Wahrheit
496 833 630 894 ergeben
655 836 735 885 hat,
764 836 823 886 ſo,
848 838 915 887 daß
936 838 1114 889 CHriſtus
1134 840 1198 889 ſein
1225 840 1362 889 HErr,
1388 841 1458 881 und
1485 851 1518 882 er
1545 840 1691 891 CHriſti

202 886 327 934 Knecht
344 886 400 935 iſt,
427 877 566 936 derſelbe
580 889 642 929 kan
658 887 747 935 nicht
761 889 909 935 anders,
936 888 992 931 als
1010 890 1071 940 ſich
1089 890 1188 940 dieſes
1204 891 1342 940 HErrn
1358 889 1482 941 freuen.
1531 893 1623 936 Aber
1637 892 1689 933 die

201 938 356 986 Bosheit
372 942 428 981 der
443 936 649 988 Menſchen,
664 940 735 978 und
752 939 901 987 vielerley
915 939 1090 989 innerliche
1106 941 1380 990 Anfechtungen,
1406 942 1469 982 wie
1486 943 1569 991 auch
1585 943 1636 983 die
1653 944 1689 983 in

202 988 302 1028 vielen
338 985 499 1030 Stuͤcken
526 987 587 1039 ſich
615 989 875 1038 hervorthuende
906 991 1034 1040 Macht
1060 993 1119 1031 des
1151 988 1244 1042 boͤſen
1281 992 1442 1039 Geiſtes,
1468 993 1691 1041 inſonderheit

202 1037 278 1081 aber
293 1038 431 1087 manche
443 1038 579 1088 ſchwere
590 1039 841 1088 Verfolgung,
868 1041 986 1089 welche
1002 1044 1128 1090 denen,
1161 1042 1212 1082 die
1227 1042 1288 1092 ſich
1304 1055 1338 1082 in
1357 1046 1412 1085 der
1420 1044 1615 1092 Nachfolge
1632 1047 1693 1084 des

201 1089 336 1139 HErrn
349 1087 456 1139 JEſu
473 1089 643 1139 befinden,
662 1090 728 1139 auf
741 1093 815 1133 dem
830 1092 907 1141 Fuß
921 1090 1132 1144 nachfolget,
1147 1092 1291 1142 ſcheinen
1304 1094 1405 1143 ſolche
1419 1095 1629 1145 Freudigkeit
1638 1094 1690 1143 oft

202 1148 238 1187 zu
258 1140 503 1191 unterbrechen.
554 1143 665 1187 Denn
690 1143 783 1192 alle,
804 1143 901 1184 alle,
924 1143 1036 1185 keinen
1058 1149 1350 1193 ausgenommen,
1375 1146 1469 1194 alle,
1493 1146 1551 1185 die
1582 1152 1691 1197 gott⸗

202 1185 291 1238 ſelig
311 1186 416 1229 leben
430 1187 592 1238 wollen,
620 1188 672 1230 die
692 1198 758 1230 nur
783 1199 851 1231 von
867 1181 1008 1240 Hertzen
1020 1189 1164 1232 wollen
1180 1190 1336 1241 gottſelig
1352 1191 1444 1235 leben
1470 1196 1510 1234 in
1526 1190 1692 1244 CHriſto

199 1242 343 1294 JEſu,
369 1244 420 1286 die
434 1244 576 1296 muͤſſen
592 1243 847 1301 Verfolgung
861 1242 1003 1288 leiden.
1025 1261 1044 1285 2
1061 1246 1159 1290 Tim.
1179 1259 1224 1295 3,
1244 1257 1302 1288 12.
1355 1249 1448 1292 Das
1466 1249 1603 1294 ſcheinet
1619 1259 1692 1290 nun

200 1295 255 1334 der
278 1287 391 1346 Freude
409 1288 646 1346 ſchnurſtracks
662 1296 803 1343 zuwider
817 1305 854 1345 zu
868 1295 955 1344 ſeyn.
1005 1298 1112 1342 Was
1127 1297 1200 1346 ſagt
1215 1298 1294 1339 aber
1306 1298 1474 1346 Paulus?
1508 1298 1603 1347 Phil.
1613 1307 1692 1345 4,5.

201 1338 312 1393 Eure
326 1338 552 1399 Lindigkeit
577 1346 684 1399 laſſet
709 1347 809 1391 kund
829 1347 913 1399 ſeyn
928 1348 1028 1390 allen
1045 1349 1269 1396 Menſchen.
1321 1348 1485 1394 Erzuͤrnet
1507 1351 1584 1394 euch
1599 1352 1689 1396 nicht

201 1392 283 1436 uͤber
306 1394 356 1434 die
374 1391 515 1445 Boͤſen,
538 1402 636 1435 wenn
658 1395 699 1442 ſie
723 1395 798 1443 euch
816 1406 875 1436 um
899 1399 954 1437 der
972 1396 1206 1446 Gottſeligkeit
1222 1397 1332 1438 willen
1348 1399 1433 1439 allen
1448 1399 1540 1441 Tort
1568 1400 1602 1440 in
1631 1402 1688 1440 der

200 1443 305 1487 Welt
326 1442 472 1490 anthun.
523 1443 625 1492 Laſſet
649 1445 725 1492 euch
748 1446 814 1485 das
833 1455 878 1484 an
901 1455 992 1486 eurer
1014 1447 1146 1495 Freude
1162 1446 1252 1494 nicht
1267 1442 1393 1497 ſtoͤren,
1421 1447 1473 1487 die
1497 1447 1548 1493 ihr
1565 1446 1688 1489 einmal

201 1496 298 1545 durch
314 1497 365 1537 die
386 1493 580 1549 Erkaͤntniß
599 1497 706 1549 JEſu
728 1497 873 1549 CHriſti
891 1497 928 1540 in
943 1509 1042 1540 euren
1058 1498 1200 1548 Hertzen
1223 1498 1372 1548 erlanget
1387 1502 1480 1547 habt.
1504 1502 1690 1546 Warum?

200 1547 281 1589 Der
296 1546 423 1594 HErr
436 1543 487 1597 iſt
499 1547 611 1598 nahe.
663 1538 732 1591 Da
741 1547 878 1596 braucht
894 1558 927 1590 er
942 1549 1009 1599 alſo
1025 1549 1104 1590 eben
1119 1551 1186 1593 das
1194 1551 1324 1599 Wort,
1338 1552 1404 1591 das
1413 1550 1482 1599 hier
1491 1549 1538 1592 im
1550 1550 1689 1599 145ſten

201 1599 322 1650 Pſalm
339 1598 455 1649 ſtehet:
496 1599 565 1642 Der
590 1594 680 1649 HErr
714 1598 763 1649 iſt
779 1601 893 1649 nahe,
905 1603 975 1643 und
989 1600 1102 1647 troͤſtet
1119 1603 1180 1650 ſich
1198 1602 1318 1646 damit.
1371 1605 1424 1648 Er
1441 1605 1511 1646 will
1527 1604 1687 1652 demnach

202 1646 309 1688 damit
323 1657 360 1696 zu
378 1649 537 1690 erkennen
548 1649 672 1696 geben,
686 1650 755 1697 daß
769 1651 826 1693 dis
840 1651 958 1694 Wort
968 1649 1141 1707 gleichſam
1153 1650 1267 1696 unſere
1281 1652 1409 1691 Panacé
1422 1652 1456 1695 in
1472 1655 1560 1694 allen
1569 1651 1688 1697 Truͤb⸗

201 1697 285 1746 ſalen
303 1697 377 1748 ſeyn
390 1697 463 1748 ſoll.
512 1699 618 1744 Was
621 1685 695 1751 fuͤr
722 1700 805 1748 Noth
821 1699 927 1742 einem
942 1696 1142 1749 Glaͤubigen
1158 1699 1306 1749 zuſtoſſen
1328 1710 1430 1750 mag,
1455 1702 1555 1743 darin
1574 1701 1636 1749 hat
1649 1712 1684 1745 er

200 1746 293 1795 ſchon
308 1754 441 1795 genug,
467 1753 565 1788 wenn
585 1757 618 1788 er
635 1758 701 1790 nur
717 1751 783 1792 das
798 1750 915 1794 Wort
935 1751 1014 1800 hat:
1039 1754 1123 1794 Der
1137 1752 1264 1799 HErr
1283 1747 1332 1799 iſt
1348 1752 1460 1803 nahe.
1501 1752 1683 1804 Wohlan,

200 1798 327 1839 dencket
350 1808 403 1846 er,
429 1804 506 1839 was
530 1799 600 1841 will
623 1800 671 1849 ich
695 1800 780 1848 mich
797 1803 882 1842 denn
904 1799 1087 1845 betruͤben?
1119 1804 1223 1847 Was
1240 1803 1310 1843 will
1325 1803 1374 1851 ich
1388 1804 1475 1845 mirs
1493 1814 1529 1851 zu
1543 1802 1684 1854 Hertzen

202 1848 361 1897 nehmen?
388 1850 494 1894 Was
511 1850 572 1901 ſoll
586 1848 635 1901 ich
652 1849 717 1893 mir
733 1859 793 1892 um
808 1851 981 1900 deßwillen
1002 1852 1109 1894 meine
1122 1854 1249 1901 Freude
1264 1850 1368 1902 ſtoͤren
1387 1855 1510 1905 laſſen?
1539 1854 1682 1902 Genug,

199 1908 263 1946 der
270 1909 398 1951 HErr
414 1904 463 1946 iſt
477 1908 595 1955 nahe!

298 1947 426 1991 Wenn
449 1957 520 1987 nun
544 1946 652 1997 ferner
672 1955 825 1997 erwogen
850 1947 957 1997 wird,
980 1950 1047 2002 daß
1063 1951 1128 1993 das
1144 1949 1283 1999 Wort,
1302 1951 1501 2001 HERR,
1528 1953 1563 1993 in
1579 1950 1684 2002 ſeiner

200 2001 363 2049 Sprache
381 2002 415 2051 ſo
431 2001 494 2042 viel
512 2001 639 2052 heiſſet,
658 2002 714 2042 als
733 2004 789 2043 der
806 2002 909 2052 groſſe
924 2004 1091 2054 Jehova,
1110 2006 1165 2046 der
1180 2006 1403 2055 weſentliche,
1419 2009 1474 2046 der
1491 2006 1607 2054 ewige,
1624 2009 1682 2048 der

199 2044 509 2098 unveraͤnderliche,
536 2051 592 2091 der
607 2046 902 2100 unvergaͤngliche,
928 2054 985 2093 der
1007 2053 1176 2102 unendlich
1194 2055 1346 2105 herrliche
1363 2052 1505 2103 GOtt,
1526 2057 1594 2095 und
1612 2066 1680 2097 von

197 2101 374 2152 demſelben
390 2102 504 2151 geſagt
518 2103 624 2146 wird:
650 2104 715 2146 Er
731 2101 780 2154 iſt
791 2106 908 2156 nahe!
933 2105 967 2155 ſo
982 2106 1041 2157 ſoll
1057 2105 1116 2156 ſich
1125 2105 1160 2151 ja
1174 2104 1284 2165 gewiß
1300 2107 1344 2148 ein
1360 2107 1444 2148 ieder
1453 2108 1554 2159 dieſes
1562 2109 1682 2152 Wort

199 2150 284 2198 recht
297 2160 333 2198 zu
343 2149 433 2198 Nutz
448 2151 604 2200 machen,
620 2152 690 2192 und
710 2151 839 2201 groſſen
854 2153 958 2201 Troſt
976 2156 1104 2196 daraus
1119 2153 1280 2205 ſchoͤpfen.
1307 2156 1363 2198 Es
1370 2156 1431 2205 ſoll
1441 2155 1498 2203 ihn
1508 2156 1585 2197 aber
1602 2158 1682 2198 eben

198 2201 297 2250 dieſes
314 2200 442 2248 Wort,
456 2201 593 2249 welches
608 2202 694 2250 ohne
707 2202 868 2253 Unterlaß
887 2202 921 2243 in
938 2204 1056 2253 ſeinem
1072 2203 1208 2253 Hertzen
1224 2206 1297 2253 ſeyn
1314 2205 1384 2255 ſoll,
1400 2215 1467 2245 von
1484 2206 1586 2248 allem
1599 2203 1680 2251 Boͤ⸗

195 2251 245 2300 ſen
260 2251 373 2301 zuruͤck
390 2254 515 2303 halten.
566 2256 676 2298 Denn
694 2263 791 2296 wenn
807 2265 840 2297 er
853 2255 935 2305 auch
954 2258 1000 2299 im
1019 2257 1162 2306 Begriff
1171 2253 1282 2302 waͤre,
1300 2259 1368 2299 eine
1382 2258 1518 2301 Suͤnde
1533 2268 1570 2307 zu
1588 2259 1681 2308 bege⸗

196 2302 276 2354 hen,
302 2302 371 2346 und
398 2304 558 2348 erinnerte
582 2307 665 2356 ſich,
690 2307 745 2347 der
758 2305 920 2357 Jehova,
936 2302 995 2359 der
1008 2307 1110 2358 groſſe
1124 2310 1192 2351 und
1210 2309 1407 2360 weſentliche
1417 2310 1532 2356 GOtt
1548 2311 1598 2362 ſey
1618 2320 1679 2351 na⸗
