1911 2821
231 598 353 630 „men.
394 587 568 630 Betreffend
588 588 657 623 aber
683 589 736 621 den
755 583 864 624 Prozeß
890 583 938 616 des
970 581 1095 621 Florian
1122 579 1240 620 Wach⸗

228 637 336 679 „ters
356 645 446 678 gegen
469 640 512 672 die
530 637 635 674 Stadt
658 634 764 675 Baſel,
798 634 825 671 ſo
845 629 910 666 war
936 633 965 663 es
988 628 1081 669 hoͤchſt
1112 629 1231 664 bedenk⸗

230 691 344 730 „lich,
369 696 454 721 wenn
489 693 552 726 zum
576 687 718 725 Schaden
750 686 798 718 des
828 677 956 721 Klaͤgers
993 681 1051 712 und
1080 686 1113 716 zu
1151 681 1229 716 nicht

230 744 408 786 „geringer
425 742 657 787 Beſchimpfung
675 743 725 775 des
748 735 1019 778 Kammergerichts
1051 734 1146 775 ſelbſt,
1174 737 1230 770 das

231 798 359 838 „ſchon
383 795 626 839 ausgeſprochene
652 796 711 827 und
745 792 904 831 vollzogene
929 789 1041 826 Urtheil
1074 787 1151 824 ſollte
1179 795 1235 819 un⸗

233 849 374 892 „guͤltig
405 848 513 887 erklaͤrt
550 850 677 884 werden.
745 843 931 887 Wenigſtens
963 843 1023 882 alſo
1057 838 1162 876 koͤnnte
1188 842 1233 876 die

234 906 448 950 „kayſerliche
471 903 671 948 Beſtaͤtigung
697 904 757 937 und
791 898 998 941 Erweiterung
1033 897 1084 931 des
1109 895 1234 935 Exemp⸗

234 956 589 1003 „tions⸗Privilegiums
605 958 636 995 ſo
654 960 740 998 lange
764 951 976 993 unterbleiben,
1001 950 1046 984 bis
1072 951 1114 985 die
1130 951 1233 985 Stadt

236 1014 373 1056 „Baſel
400 1015 544 1049 entweder
579 1009 689 1052 guͤtlich
716 1011 783 1045 oder
808 1008 893 1046 durch
924 1002 1132 1046 Vermittlung
1158 1006 1233 1035 einer

237 1070 470 1111 „Commißion
501 1068 551 1108 ſich
582 1068 636 1102 mit
667 1066 793 1108 Florian
826 1062 964 1101 Wachter
995 1062 1096 1096 wurde
1129 1059 1235 1098 ausge⸗

238 1122 461 1165 „ausgeſoͤhnt
483 1122 575 1161 haben
606 1130 636 1154 u.
664 1122 684 1160 ſ.
709 1126 748 1153 w.

301 1179 356 1213 So
373 1174 572 1215 entſprechend
580 1172 662 1214 indeß
672 1172 701 1204 in
713 1174 762 1206 der
771 1167 956 1212 Hauptſache
967 1167 1055 1206 dieſes
1065 1165 1236 1205 Gutachten

239 1230 291 1271 fuͤr
301 1233 345 1265 die
354 1231 458 1266 Stadt
475 1220 557 1274 Baſel
572 1231 656 1261 war,
678 1227 706 1262 ſo
719 1222 895 1265 beleidigend
913 1219 1002 1260 ſchein
1014 1221 1045 1253 es
1057 1220 1122 1253 dem
1139 1219 1239 1258 eydge⸗

241 1280 389 1324 noͤßiſchen
406 1280 574 1321 Geſandten
595 1280 625 1313 in
639 1278 731 1317 ſeinen
744 1272 941 1312 Ausdruͤcken.
974 1271 1097 1314 Jmmer
1113 1272 1192 1310 hatte
1208 1270 1238 1302 es

241 1334 295 1370 den
319 1333 473 1374 Anſchein,
497 1320 545 1366 als
566 1327 647 1369 haͤtte
668 1328 760 1368 Baſel
779 1328 822 1362 die
843 1323 1038 1366 Beſtaͤtigung
1051 1324 1099 1355 des
1117 1321 1241 1360 Exemp⸗

243 1384 606 1429 tions⸗Privilegiums,
637 1384 696 1417 und
724 1382 768 1416 die
790 1380 994 1420 Ausdehnung
1027 1376 1163 1416 deſſelben
1185 1374 1243 1410 auf

246 1437 301 1468 das
316 1431 571 1473 Kammergericht
594 1436 628 1469 zu
648 1430 775 1468 Speyer
801 1426 938 1465 begehrt,
969 1426 1006 1458 da
1030 1425 1098 1460 doch
1122 1429 1180 1455 nur
1202 1422 1240 1450 de

244 1495 305 1516 non
327 1484 474 1517 turbando
491 1485 536 1517 die
556 1483 637 1517 Rede
656 1488 736 1520 war,
773 1480 848 1515 ohne
871 1479 928 1515 daß
950 1477 992 1510 die
1020 1478 1123 1511 Stadt
1147 1474 1239 1510 Baſel

244 1539 276 1569 in
309 1538 374 1569 dem
401 1535 524 1574 ruhigen
551 1532 640 1574 Beſitz
664 1532 740 1566 ihrer
761 1528 900 1566 Freyheit
924 1518 1001 1560 nicht
1030 1527 1107 1561 ſollte
1135 1520 1240 1562 geſtoͤrt

245 1589 373 1622 werden.
396 1605 437 1611 —
458 1587 537 1623 Auch
552 1587 652 1619 hatten
673 1585 718 1617 die
734 1579 928 1619 Reichsraͤthe
942 1586 1001 1613 nur
1015 1578 1104 1616 dieſes
1121 1576 1244 1614 Exemp⸗

246 1635 584 1679 tions⸗Privilegiums
593 1631 747 1674 erwaͤhnt,
771 1632 844 1669 ohne
855 1626 1042 1670 Beruͤhrung
1060 1627 1110 1662 des
1123 1625 1244 1667 Haupt⸗

248 1693 427 1737 anſpruchs,
449 1689 578 1732 naͤmlich
599 1689 657 1730 daß
680 1689 725 1724 die
747 1685 886 1723 Kantone
909 1683 940 1719 in
963 1682 1080 1726 voͤlliger
1104 1680 1244 1725 Freyheit

230 1747 363 1790 ſtehen,
387 1747 447 1782 und
475 1744 569 1782 keinen
587 1738 710 1785 hoͤheren
729 1741 851 1782 Richter
875 1739 924 1775 als
946 1738 1026 1778 Gott
1046 1736 1089 1773 im
1108 1734 1245 1780 Himmel

252 1805 401 1844 erkennen.
444 1801 591 1847 Hieruͤber
609 1801 680 1842 fand
696 1798 851 1841 Wettſtein
873 1792 975 1839 noͤthig
992 1798 1046 1832 den
1060 1792 1245 1835 kayſerlichen

251 1859 537 1904 Bevollmaͤchtigten
562 1856 714 1899 ſchriftlich
740 1855 799 1892 eine
825 1852 932 1895 naͤhere
959 1849 1164 1893 Eelaͤuterung
1197 1850 1245 1883 der

251 1911 488 1958 eydgenoͤßiſchen
513 1910 724 1955 Forderungen
745 1917 777 1948 zu
792 1908 891 1949 geben.
938 1905 1144 1943 Mittlerweile
1158 1905 1249 1942 ſuchte

254 1979 284 2005 er
301 1970 346 2003 die
365 1963 568 2009 franzoͤſiſchen
591 1967 652 2001 und
670 1962 870 2004 ſchwediſchen
889 1960 1057 2001 Geſandten
1071 1959 1103 1992 in
1120 1959 1176 1997 ſein
1187 1958 1249 1998 Jn⸗

252 2023 350 2062 tereſſe
370 2029 402 2060 zu
422 2021 525 2060 ziehn;
561 2018 633 2056 auch
659 2016 786 2056 ſchienen
810 2015 881 2053 dieſe
903 2014 981 2053 nicht
1010 2010 1187 2051 ungeneigt,
1218 2008 1248 2039 in

256 2072 313 2106 das
336 2067 505 2108 allgemeine
530 2064 850 2108 Friedensinſtrument
876 2060 956 2095 einen
990 2058 1145 2097 beſondern
1170 2055 1250 2092 Arti⸗

255 2129 297 2163 kel
320 2124 411 2160 dieſes
433 2122 603 2162 Geſchaͤftes
618 2127 716 2161 wegen
735 2114 878 2153 einruͤcken
898 2125 930 2155 zu
965 2115 1064 2155 laſſen.
1107 2114 1173 2149 Auf
1197 2115 1249 2144 den

258 2179 380 2220 Bericht
409 2176 529 2215 hiervon
549 2176 665 2212 wollten
695 2173 744 2213 ſich
769 2173 810 2207 die
836 2169 1001 2211 kayſerliche
1030 2168 1178 2207 Geſandte
1202 2168 1246 2199 der

268 2226 519 2273 Eydgenoßſchaft
551 2227 629 2263 nicht
649 2225 776 2267 weniger
803 2219 917 2264 guͤnſtig
945 2219 1095 2259 erweiſen;
1127 2216 1158 2256 ſie
1174 2216 1252 2259 ſelbſt

264 2283 415 2325 verfaßten
438 2282 519 2316 einen
538 2282 648 2317 Artikel
679 2286 766 2314 unter
795 2276 949 2317 folgenden
979 2275 1127 2310 Worten:
1160 2270 1256 2308 „Da

263 2343 388 2378 „gegen
405 2336 501 2376 etliche
523 2338 573 2372 der
594 2336 687 2371 XIII.
707 2336 768 2368 und
783 2332 989 2372 zugewandten
1005 2329 1102 2363 Orten
1119 2330 1166 2363 der
1178 2329 1255 2365 End⸗
