1597 2358
208 313 279 363 der
284 314 546 374 Wolffiſchen
554 315 842 374 Metaphyſick.

865 331 933 369 583

158 404 331 459 Einfluß
353 414 419 449 von
441 406 573 456 unſerm
587 408 707 458 Herrn
725 412 766 463 A.
787 408 863 449 blos
881 420 937 458 ge⸗

159 452 259 499 ſtellet
281 455 438 495 worden:
463 453 497 504 ſo
519 454 627 503 haben
649 457 749 503 doch,
774 455 855 502 nach
879 459 936 501 der

160 502 245 558 Zeit,
255 510 314 558 ſich
327 507 540 559 verſchiedene
552 510 704 561 befliſſen,
717 511 935 562 demſelbigen

160 554 376 607 aufzuhelffen
387 560 457 602 und
465 559 536 607 ihm
545 559 664 601 wieder
674 560 743 601 eine
752 560 866 606 Farbe
874 572 936 604 an⸗

158 610 360 660 zuſtreichen.
435 612 492 656 Es
516 609 660 662 gehoͤren
687 613 815 665 hierher
841 615 935 664 Herr

160 656 383 716 Gottſched
402 658 437 703 in
459 662 615 702 vindiciis
634 659 819 714 ſyſtematis
836 663 938 711 influ-

160 719 238 755 xus;
264 711 357 760 Herr
367 710 530 760 Knuzen
549 712 582 753 in
596 714 681 756 einer
691 708 937 766 weitlaͤuftigen

161 764 404 816 academiſchen
437 766 603 819 Schrift;
642 769 686 806 de
726 772 939 809 commercio

160 818 287 855 mentis
306 817 338 852 &
361 817 515 865 corporis
540 828 604 866 per
629 818 799 857 influxum
825 820 940 869 phyſi-

160 881 240 906 cum
267 868 477 919 explicando.
540 870 633 920 Herr
659 870 862 925 Liſchwitz
888 876 939 911 in-

160 921 346 959 tentamine
363 919 604 974 philoſophico
619 922 751 964 ſiſtente
767 922 942 975 hypothe-

159 971 212 1009 ſes
226 971 384 1024 quasdam
399 984 419 1009 e
431 970 555 1023 quibus
570 976 744 1026 probabili
757 990 844 1015 nexu
852 977 941 1016 actio

161 1026 319 1072 corporis
345 1029 382 1062 in
397 1031 547 1063 animam
564 1030 597 1065 &
613 1032 736 1067 animæ
761 1030 797 1065 in
817 1040 941 1077 corpus

160 1075 298 1126 concipi
318 1078 442 1126 poteſt.
489 1083 567 1122 Und
582 1083 676 1131 Herr
691 1085 743 1120 M.
752 1082 941 1131 Joachim

161 1122 343 1181 Heinrich
357 1130 500 1183 Pries,
513 1132 646 1180 welcher
659 1135 700 1171 A.
710 1142 801 1181 1739.
815 1143 850 1181 zu
858 1132 940 1178 Ro⸗

160 1181 243 1233 ſtock
254 1181 323 1225 eine
341 1181 409 1222 diſſ.
430 1182 556 1231 heraus
565 1183 707 1234 gegeben
724 1184 798 1234 hat,
818 1184 860 1223 de
876 1189 939 1225 im-

161 1230 369 1267 mortalitate
393 1231 514 1266 animæ
535 1231 574 1268 in
598 1229 773 1282 ſyſtemate
793 1232 940 1271 influxus

161 1290 297 1343 phyſici
315 1287 410 1331 ſalva.

265 1383 301 1440 §.
331 1396 417 1435 352.
443 1388 491 1436 2)
503 1389 602 1433 Von
618 1391 689 1434 der
702 1385 941 1443 Carteſiani⸗

161 1438 268 1497 ſchen
291 1444 459 1489 Manier
477 1443 540 1485 die
558 1445 849 1499 Gemeinſchaft
870 1450 940 1492 des

160 1493 309 1533 Leibes
333 1491 414 1530 und
444 1488 513 1532 der
535 1489 661 1536 Seele
687 1502 731 1546 zu
755 1490 940 1536 erklaͤren.

160 1553 217 1598 aa)
236 1552 369 1595 Deren
385 1550 566 1603 Jnnhalt
584 1554 622 1605 §.
643 1557 735 1601 763.
787 1554 943 1605 Carteſius

159 1600 200 1648 iſt
213 1608 279 1641 von
298 1600 403 1649 ſeinen
420 1594 666 1653 Anhaͤngern
692 1601 942 1655 einigermaſſen

160 1650 430 1702 unterſchieden;
464 1653 577 1698 indem
599 1666 633 1698 er
654 1654 746 1698 einen
763 1658 863 1706 Theil
884 1660 942 1700 der

162 1703 378 1756 coͤrperlichen
395 1705 600 1758 Bewegung
625 1712 681 1751 der
698 1710 806 1753 Seele
826 1714 941 1752 unter⸗

162 1753 286 1808 wuͤrfig
312 1752 464 1804 machet,
496 1759 542 1800 da
561 1769 595 1801 er
613 1758 666 1810 ihr
696 1758 858 1808 hingegen
877 1761 940 1801 den

162 1810 292 1851 andern
312 1807 478 1860 entziehet.
537 1809 720 1863 Nehmlich
744 1814 795 1855 die
812 1814 940 1858 Bewe⸗

162 1865 257 1908 gung
277 1857 371 1911 ſelbſt
394 1858 465 1902 will
492 1868 525 1901 er
546 1868 613 1904 von
638 1867 696 1907 der
715 1863 826 1908 Seele
851 1864 940 1906 nicht

163 1911 350 1961 hergeleitet
370 1905 503 1964 wiſſen;
541 1912 633 1965 wohl
658 1916 738 1958 aber
765 1914 815 1957 die
832 1915 940 1963 Rich⸗

161 1964 251 2013 tung
268 1964 360 2009 derer
367 1964 626 2016 Bewegungen.
679 1964 803 2019 Gleich
819 1964 883 2009 wie
895 1967 941 2010 ei⸗

879 2030 939 2062 ner

962 1396 1050 1431 Vom

964 1435 1091 1476 Carteſi⸗

964 1483 1105 1513 aniſchen

967 1516 1069 1562 Syſte⸗

968 1567 1061 1600 mate.
