1488 2292
465 254 505 315 6

653 263 1161 318 Zueignungs ⸗ Schrifft.

469 367 524 419 ihr
542 368 646 412 lieben
662 371 777 417 Leute,
794 370 877 423 dieſe
894 370 1048 423 traurige
1060 372 1343 426 Begebenheiten

466 431 616 483 zwingen
640 434 752 484 mich,
778 433 812 477 in
838 437 958 488 dieſem
977 437 1056 488 Fall
1079 441 1146 480 das
1172 448 1209 488 zu
1231 437 1344 489 thun,

465 507 545 544 was
568 501 619 544 die
641 500 822 551 Jndianer
847 506 923 547 dem
945 503 1087 557 Teufel.
1144 505 1224 553 Sie
1245 506 1343 551 beten

465 567 524 616 ihn
543 581 609 617 an,
628 568 695 618 daß
713 578 747 610 er
760 569 859 619 ihnen
874 571 963 622 nicht
980 571 1105 624 ſchade.
1158 573 1235 620 Sie
1252 572 1343 628 muͤſ⸗

465 638 521 689 ſen
531 637 620 682 nicht
629 638 854 690 meynen,
794 634 850 695 daß
864 641 911 690 ich
920 641 999 688 Sie
1007 642 1090 692 auch
1100 640 1224 694 Teufel
1234 644 1343 696 heiſſe.

466 705 558 749 Das
576 702 754 751 Gleichniß
778 703 886 755 hinckt
909 705 988 749 eben
1012 706 1079 757 auf
1095 706 1198 759 dieſer
1216 708 1341 755 Seite.

464 768 560 812 Aber
574 771 653 808 was
670 768 721 810 die
731 767 949 820 Hauptſache
965 770 1156 822 anbetrifft,
1167 771 1201 823 ſo
1212 775 1343 816 werdet

462 832 518 882 ihr
534 831 613 881 doch
631 832 754 880 endlich
772 833 967 885 begreifen,
992 841 1073 878 was
1089 836 1134 886 ich
1150 837 1215 880 mit
1236 838 1340 892 dieſer

460 899 869 955 Zueignungs⸗Schrifft
882 905 963 948 will.
1022 907 1138 950 Wird
1130 907 1166 959 es
1204 905 1265 958 ſich
1281 905 1341 957 zei⸗

459 974 553 1016 gen,
587 964 655 1016 daß
678 967 814 1011 iemand
837 968 939 1022 durch
963 969 1070 1014 meine
1095 969 1341 1023 Zueignungs⸗

460 1035 585 1089 ſchrifft
611 1036 772 1087 bewogen
799 1040 940 1083 worden,
996 1037 1032 1091 ſo
1055 1038 1243 1094 verſpreche
1270 1040 1339 1092 ich,

459 1103 526 1154 auf
538 1104 646 1156 ſeinen
664 1102 816 1157 naͤchſten
833 1106 1052 1160 Nahmens⸗
1067 1111 1150 1152 oder
1159 1108 1340 1155 Geburts⸗

458 1170 519 1217 tag
531 1167 583 1210 ein
592 1167 746 1212 Carmen
761 1158 798 1220 zu
815 1170 966 1219 machen.
1015 1172 1081 1219 Ob
1090 1180 1161 1217 von
1170 1174 1339 1221 Mecena⸗

459 1246 516 1284 ten
530 1242 597 1286 viel
609 1243 832 1288 vorkommen
843 1244 948 1295 wird,
956 1246 1075 1300 zweifle
1087 1246 1149 1298 ich.
1190 1248 1285 1294 Aber
1299 1256 1339 1293 es

458 1310 535 1363 ſolle
551 1311 699 1362 dennoch
715 1312 781 1355 viel
791 1318 895 1364 gutes
912 1314 1038 1359 darinn
1056 1315 1178 1367 ſtehen,
1194 1316 1262 1365 daß
1276 1316 1336 1371 ſich

459 1375 510 1415 die
524 1375 620 1418 Leute
641 1371 791 1419 daruͤber
811 1376 892 1419 bald
912 1388 953 1427 zu
975 1380 1038 1420 tod
1055 1379 1167 1426 lachen
1185 1379 1336 1425 werden.

457 1440 528 1493 Jch
538 1442 674 1492 verlaſſe
688 1444 772 1491 mich
781 1443 850 1493 auf
860 1445 911 1487 die
921 1438 1044 1497 guͤtige
1052 1441 1240 1500 Erfuͤllung
1252 1447 1333 1494 mei⸗

458 1520 519 1553 ner
535 1509 666 1562 Bitte,
683 1512 756 1555 und
773 1511 833 1555 bin

743 1652 874 1707 Euer

1044 1768 1261 1810 Bereitwilliger

916 1835 1066 1882 Der
1095 1832 1325 1890 Verfaſſer.

1105 2005 1333 2056 Vorbericht.
