1416 2179
544 232 591 281 85

128 313 160 364 ſo
173 318 251 367 muß
260 317 307 365 ich
316 313 462 364 dennoch
470 314 640 364 geſtehen/
654 310 723 361 daß
731 309 779 358 ich
788 311 871 359 mich
880 308 938 358 offt
947 306 1008 355 ha⸗

131 369 169 410 be
191 365 345 413 beruͤcken
359 368 460 417 laſſen
477 365 577 414 durch
590 365 644 406 die
659 358 875 413 betruͤglichen
888 360 1013 409 Kunſt⸗

130 415 266 468 Stuͤcke
275 418 362 461 einer
370 414 509 467 falſchen
523 411 722 455 Devotion.

185 474 253 518 Ein
262 470 457 523 warhafftig
465 463 710 517 Andaͤchtiger/
733 465 918 508 erwiederte
933 466 1011 503 Do-

132 534 254 566 rante,
278 523 386 570 pralet
386 513 468 570 nicht
482 511 655 573 aͤuſſerlich
672 519 723 562 mit
734 508 840 567 ſeiner
843 508 1015 563 Andacht/

129 569 268 618 ſondern
277 571 315 622 iſt
322 569 400 619 bloß
407 567 468 618 deß
488 574 584 615 wegen
599 557 863 615 gottesfuͤrchtig/
886 561 964 602 weil
979 569 1013 601 er

131 620 276 671 dadurch
285 621 462 665 vermeinet
470 616 574 668 ſeinen
583 608 748 668 Pflichten
759 616 827 656 eine
836 608 963 660 Gnuͤge
974 619 1015 659 zu

133 671 237 719 thun/
262 680 295 715 er
310 673 349 724 iſt
370 669 457 718 nicht
474 664 608 717 bemuͤht
623 666 720 715 durch
744 653 1014 714 metaphyſiſche

134 721 275 768 Jdéen,
299 719 369 767 ihm
377 718 443 760 eine
449 712 569 773 falſche
575 708 880 768 Gemuͤths⸗Ruhe
897 720 932 761 zu
942 717 1015 749 ver⸗

132 771 295 822 ſchaffen/
317 770 454 822 ſondern
462 767 613 818 gelanget
622 764 720 812 durch
729 766 822 806 einen
829 773 891 812 gar
898 756 1016 811 einfaͤl⸗

130 825 224 870 tigen
232 823 333 873 Weg
339 820 365 875 zu
376 824 442 866 der
448 817 655 873 gluͤckſeligen
663 806 935 867 Seelen⸗Ruhe/
937 806 1019 860 wel⸗

132 873 189 920 che
199 873 262 923 ſein
269 877 364 921 gutes
372 869 543 923 Gewiſſen
549 865 768 917 verurſachet/
771 869 837 907 und
847 865 924 915 ſeine
934 861 1018 910 Se⸗

135 922 240 972 ligkeit
250 921 456 971 ausmachet.
503 919 568 969 Jn
565 913 693 972 ſolcher
711 910 952 966 Tranquillitæt
967 921 1019 953 er⸗

137 976 246 1025 weiſet
255 985 289 1016 er
295 975 365 1017 eine
373 971 533 1020 nichterne
540 966 736 1022 Froͤligkeit/
759 957 878 1016 welche
886 966 950 1016 ſein
969 966 1045 1004 in⸗

138 1030 307 1076 wendiges
315 1020 537 1075 Vergnuͤgen
547 1018 716 1072 anzeiget/
734 1032 768 1063 er
780 1018 916 1068 glaubet
931 1022 1016 1060 alles

133 1066 256 1115 Gutes
279 1080 347 1113 von
372 1068 478 1117 ſeinen
494 1066 662 1117 Nechſten
687 1071 754 1107 aus
779 1062 891 1105 einem
918 1061 1026 1112 feſten

132 1123 285 1169 Grunde
293 1128 349 1168 der
357 1122 471 1168 Liebe/
493 1118 654 1170 Demuth
664 1119 732 1159 und
741 1116 837 1164 ſeiner
852 1115 941 1166 ſelbſt
956 1115 1024 1158 Er⸗

141 1175 356 1225 niedrigung/
370 1167 444 1220 haͤlt
451 1174 487 1215 es
495 1181 557 1215 vor
572 1172 641 1213 eine
649 1165 817 1219 Hoffart/
835 1167 902 1213 daß
911 1179 943 1208 er
958 1165 1021 1214 ſich

142 1214 220 1265 uͤber
227 1221 363 1267 anderer
370 1218 465 1261 Leute
473 1214 707 1268 Handlungen
716 1221 788 1262 zum
798 1211 938 1262 Richter
947 1211 1027 1260 ſolte

143 1272 354 1333 aufwerffen/
374 1284 399 1316 er
408 1272 513 1324 ſuchet
513 1270 606 1322 nicht
615 1268 720 1320 ſeinen
729 1268 860 1313 eigenen
875 1258 1030 1311 Nutzen/

83 1329 211 1367 und
205 1319 351 1376 bedienet
371 1320 444 1380 ſich
453 1326 499 1366 der
512 1319 700 1376 Devotion
716 1308 831 1366 nicht/
846 1316 928 1367 ſeine
937 1314 1026 1360 Be⸗

116 1360 273 1416 gierden
281 1379 319 1418 zu
326 1367 538 1418 vergnuͤgen.
582 1365 645 1417 Jſt
654 1362 828 1415 beſtaͤndig
824 1364 863 1412 in
880 1361 1034 1405 Wider⸗

144 1418 350 1474 waͤrtigkeit/
366 1419 509 1477 verzeihet
525 1410 657 1476 guͤtigſt
649 1420 718 1460 und
725 1412 934 1467 großmuͤthig
943 1416 1026 1457 alles

145 1468 317 1523 Unrecht/
330 1471 363 1519 ſo
383 1478 466 1510 man
481 1468 552 1514 ihm
569 1466 716 1516 anthut/
736 1464 804 1504 und
823 1454 924 1511 ſuchet
940 1461 1027 1507 nicht

144 1517 226 1570 ſeine
235 1516 489 1570 Privat-Rache
489 1513 720 1567 auszuuͤben/
736 1519 828 1555 unter
835 1513 911 1554 dem
925 1511 1029 1552 Vor⸗

146 1576 254 1616 wand
268 1575 323 1617 als
337 1581 439 1616 wenn
458 1582 491 1614 er
505 1561 583 1621 bloß
605 1572 658 1614 die
673 1569 763 1615 Ehre
777 1569 838 1607 des
852 1564 1030 1614 Himmels

146 1617 272 1668 ſuchte/
295 1631 328 1664 er
335 1619 396 1669 hat
402 1621 473 1661 eine
481 1615 688 1667 unſchuldige
696 1611 849 1662 Einfalt/
862 1611 968 1661 nichts
976 1619 1033 1657 ge⸗

148 1679 346 1723 zwungenes
372 1673 452 1724 noch
482 1669 695 1717 affeƈtirtes/
718 1669 827 1712 weder
855 1678 899 1708 an
924 1665 1033 1714 ſeinen

130 1719 303 1769 Worten
314 1720 395 1770 noch
405 1729 450 1763 an
457 1718 556 1768 ſeinen
575 1708 747 1771 Kleidern/
770 1711 851 1760 noch
865 1722 910 1754 an
926 1711 1033 1760 ſeinen

148 1770 404 1825 Gottesdienſt/
418 1769 495 1823 weil
505 1773 541 1825 er
557 1766 656 1821 weiß/
663 1766 732 1817 daß
740 1768 801 1809 alle
808 1763 1034 1810 Affeƈtation

644 1822 717 1876 F3

959 1816 1038 1854 eine
