1938 2301
721 182 768 204 1955

897 179 999 209 Muͤhle

1464 178 1571 218 Muͤhle

1699 186 1746 212 1956

693 221 848 249 Treib⸗Waſſer
857 225 897 247 mit
910 228 977 247 einem
991 227 1053 250 guten
1067 225 1161 251 Gefaͤlle,
1178 228 1227 248 auch

693 251 737 275 viel
747 251 848 276 haubares
858 256 937 275 unweit
943 254 1001 279 herzu
1008 253 1120 279 fuͤhrendes
1128 255 1226 279 Gehoͤltze

692 278 758 305 haben
766 278 812 305 kan,
824 277 933 305 ſonderlich
944 284 1004 304 wenn
1016 281 1080 307 groſſe
1091 282 1174 305 Staͤdte
1181 281 1228 304 und

694 306 787 330 Maͤrckte
799 313 821 331 in
838 309 869 331 der
883 303 944 333 Naͤhe,
959 304 1042 333 daſelbſt
1050 305 1073 330 es
1082 311 1124 333 viel
1136 307 1226 335 Tiſcher,

692 329 861 357 Zimmer⸗Leute
876 330 919 355 und
939 326 1064 357 dergleichen
1078 332 1226 360 Handwercker

692 359 758 385 giebt,
768 362 841 386 welche
847 363 940 387 Pfoſten,
958 358 1028 387 Breter
1039 365 1074 385 und
1084 364 1156 388 Latten
1163 370 1186 390 zu
1192 359 1229 390 ih⸗

692 392 725 411 rer
737 388 864 412 Nothdurfft
880 388 992 414 bedoͤrffen.
1034 391 1160 416 Jnsgemein
1175 395 1223 412 muß

692 415 732 437 das
742 414 880 441 Waſſer⸗Rad
895 421 950 438 einer
959 413 1034 441 ſolchen
1042 412 1230 442 Schneide⸗Muͤh⸗

691 443 719 464 le,
735 442 784 467 nach
799 444 834 464 der
845 442 906 466 Hoͤhe
920 443 988 468 ſeines
1006 444 1110 469 Gefaͤlles,
1126 450 1165 467 wie
1177 449 1227 467 auch

691 470 768 492 Breite
777 468 818 491 und
830 468 912 494 Menge
925 472 960 491 des
972 470 1064 495 Waſſers
1075 471 1181 495 entweder
1192 470 1228 497 mit

692 498 769 518 weiten
785 497 833 518 oder
852 501 917 522 engen
935 498 1067 524 Schauffeln,
1084 503 1122 522 von
1140 498 1229 523 duͤnnen

691 523 778 546 leichten
795 523 992 548 Tannen⸗Bretern
1005 526 1109 552 gemachet
1124 526 1178 552 ſeyn,
1191 529 1231 549 da⸗

691 553 734 572 mit
745 553 767 571 es
780 549 836 574 nicht
848 557 870 576 zu
883 551 962 577 ſchwer,
978 552 1065 577 ſondern
1078 554 1123 577 fein
1140 553 1230 580 fluͤchtig

691 572 736 599 und
747 576 819 603 ſchnell
832 577 938 603 umlauffe,
953 580 995 601 und
1011 581 1042 601 die
1053 582 1121 604 Welle
1133 582 1173 603 mit
1176 582 1224 603 dem

693 605 758 627 daran
773 605 892 630 gemachten
911 612 984 627 innern
1006 608 1166 630 Stirn ⸗ Rade,
1181 611 1223 630 und

691 631 797 655 Kaͤmmen
811 633 901 658 zugleich
911 635 1028 659 umtreibe,
1043 636 1116 661 welche
1134 635 1224 659 Kaͤmme

693 658 806 681 hinwieder
815 659 848 682 die
848 659 1004 686 Kumpt⸗Welle
1011 663 1053 684 und
1061 664 1098 685 das
1105 662 1228 689 Schwung⸗

693 687 742 710 Rad
754 688 840 711 treiben,
856 688 898 709 und
915 689 989 712 ſodenn
1002 695 1035 711 am
1048 690 1106 713 Ende
1121 691 1226 716 derſelben

692 715 731 735 das
744 715 820 737 Gatter
833 715 875 736 und
887 715 925 738 den
937 716 1041 739 krummen
1052 712 1135 743 Zapffen
1140 720 1225 740 umdre⸗

692 740 741 765 hen,
754 741 792 765 daß
800 740 873 766 ſolcher
883 745 923 763 wie
932 747 959 764 an
972 747 1039 764 einem
1046 743 1225 769 Schleiff⸗Stein,

691 767 730 788 den
742 766 828 791 Lencker,
842 762 937 794 (welcher
939 771 1023 792 unterm
1037 772 1113 794 Gatter
1126 775 1227 795 angema⸗

693 792 753 818 chet),
761 794 798 815 das
811 790 888 816 Gatter
900 795 941 818 und
956 796 987 818 die
1003 790 1064 820 Saͤge
1077 795 1165 822 zugleich
1177 795 1226 823 auf⸗

693 822 735 843 und
748 821 902 848 niederſchiebe,
913 824 956 846 und
968 824 1007 845 den
1019 826 1141 851 Bret⸗Klotz
1152 825 1225 851 durch⸗

691 848 794 872 ſchneide.
819 851 877 873 Weil
894 850 934 868 nun
939 852 974 873 die
982 851 1042 875 Saͤge
1049 849 1074 876 in
1085 853 1134 876 ihrer
1145 854 1227 877 Bewe⸗

691 878 746 898 gung
760 875 796 901 auf
803 878 845 898 und
857 877 927 899 nieder
939 876 1043 902 beſtaͤndig
1052 883 1077 899 an
1089 884 1155 901 einem
1167 879 1224 903 Orte

692 902 777 925 bleibet,
795 904 813 929 ſo
826 905 873 928 muß
886 907 921 928 der
933 907 1054 930 Bret⸗Klotz
1073 908 1110 930 alle
1122 908 1226 933 Schnitte

690 932 755 953 gegen
769 930 802 951 die
814 928 876 955 Saͤge
888 927 990 957 zuruͤcken,
1004 932 1045 954 und
1057 933 1108 955 wird
1119 934 1175 959 hiezu
1182 934 1225 956 das

690 956 848 984 Schiebe⸗Zeug
866 959 923 984 durch
936 961 973 983 das
984 961 1060 984 Gatter
1073 962 1169 987 beweget,
1182 963 1219 985 daß

691 984 725 1006 die
736 985 924 1010 Schiebe⸗Stange
936 987 974 1009 den
982 987 1104 1015 Zahn⸗Ring
1122 989 1223 1015 eingreif⸗

690 1010 712 1035 fe
724 1011 765 1033 und
777 1008 881 1038 fortruͤcke,
894 1012 977 1040 welcher
997 1016 1033 1036 das
1055 1015 1155 1039 Getriebe
1179 1020 1220 1037 und

691 1038 865 1063 Stirn⸗Raͤdgen
881 1042 940 1062 unter
960 1041 995 1065 ſich
1012 1041 1130 1066 umtreibet.
1174 1044 1219 1068 Die

690 1066 759 1089 Welle
773 1072 800 1088 an
816 1066 863 1088 dem
879 1067 1044 1094 Stirn⸗Raͤdgen
1062 1068 1098 1094 hat
1115 1070 1220 1095 darneben

691 1098 725 1114 ein
743 1093 849 1117 Getriebe,
863 1094 946 1120 welches
964 1095 1012 1119 uͤber
1024 1095 1060 1123 ſich
1077 1098 1116 1119 den
1131 1097 1222 1121 Kamm⸗

688 1122 761 1142 Baum
773 1127 798 1143 an
810 1121 856 1143 dem
867 1122 949 1146 Wagen
961 1122 1069 1149 ergreiffet,
1085 1124 1128 1148 und
1140 1125 1219 1151 ſolchen

688 1148 797 1171 allgemach
810 1148 949 1172 fortſchiebet:
964 1151 1034 1174 Wenn
1044 1156 1087 1174 nun
1095 1152 1129 1174 der
1136 1158 1161 1175 auf
1176 1152 1219 1179 ſol⸗

690 1174 744 1199 chem
755 1175 836 1198 Wagen
849 1176 884 1200 feſt
902 1178 1039 1202 geklammerte
1052 1175 1167 1208 Bret⸗Klotz
1174 1184 1218 1202 ein⸗

688 1200 745 1224 mahl
747 1196 816 1227 durch
828 1201 958 1230 geſchnitten,
974 1202 1019 1229 wird
1029 1203 1065 1232 der
1076 1203 1132 1235 Wagen
1145 1204 1219 1236 zuruͤck

687 1225 806 1253 geſchoben,
820 1228 839 1253 ſo
853 1230 953 1253 entweder
966 1235 1005 1253 von
1017 1232 1062 1253 dem
1076 1232 1157 1256 Muͤller
1168 1234 1217 1256 oder

686 1256 807 1282 vermittelſt
820 1258 877 1278 eines
888 1258 1051 1284 abſonderlichen
1062 1260 1175 1284 Getriebes
1182 1265 1216 1287 ge⸗

687 1281 785 1306 ſchiehet,
802 1284 844 1305 und
862 1284 896 1307 der
910 1285 965 1312 Klotz
985 1287 1016 1308 los
1038 1286 1152 1312 gemachet,
1168 1287 1209 1310 nach

686 1307 775 1333 Staͤrcke
788 1311 822 1332 der
833 1312 911 1334 Breter
923 1313 970 1334 oder
981 1312 1071 1340 Pfoſten,
1093 1318 1167 1336 vornen
1179 1314 1214 1338 und

685 1336 759 1359 hinten
771 1337 865 1362 geſtellet,
881 1338 924 1361 und
936 1343 979 1364 zum
988 1344 1052 1362 neuen
1060 1342 1146 1365 Schnitt
1154 1345 1214 1367 ange⸗

687 1363 752 1388 ſetzet.
782 1365 851 1388 Wenn
864 1366 909 1388 denn
921 1367 956 1389 der
971 1363 1021 1393 Klotz
1031 1370 1070 1390 mit
1082 1373 1151 1395 ſeinen
1159 1370 1215 1394 Bre⸗

685 1393 732 1412 tern
744 1391 792 1413 oder
804 1391 887 1417 Pfoſten
900 1392 1031 1419 geſchnitten,
1043 1395 1092 1417 wud
1100 1400 1120 1416 es
1131 1400 1154 1417 am
1168 1396 1213 1423 fuͤg⸗

685 1415 766 1441 lichſten
780 1416 890 1444 berechnet,
901 1423 959 1441 wenn
972 1421 995 1441 es
1007 1423 1122 1446 zuſammen
1130 1424 1169 1443 mit
1176 1424 1214 1448 ſei⸗

685 1448 727 1465 nen
741 1443 873 1469 Schwarten,
887 1450 925 1468 wie
941 1450 964 1467 es
980 1450 1076 1472 geweſen,
1090 1452 1211 1475 vorgezeiget

686 1471 750 1494 wird;
764 1474 811 1495 oder
821 1474 843 1493 es
854 1475 933 1497 werden
945 1473 993 1500 ſonſt
1013 1475 1060 1499 auch
1077 1477 1110 1498 die
1126 1477 1211 1504 Breter,

683 1499 751 1521 damit
762 1504 788 1523 ſie
799 1501 850 1524 deſto
864 1500 951 1528 beſſer
933 1501 954 1527 in
963 1503 998 1525 der
1007 1503 1060 1530 Lufft
1071 1504 1170 1528 trocknen,
1179 1510 1214 1533 ge⸗

683 1525 774 1551 buͤhrlich
792 1525 971 1554 aufgeſchrencket,
987 1531 1028 1551 und
1046 1533 1150 1552 entweder
1167 1537 1209 1556 zum

684 1555 763 1577 Bauen
775 1554 816 1577 und
829 1555 926 1582 noͤthigen
935 1556 1038 1581 Gebrauch
1050 1559 1098 1580 oder
1113 1563 1148 1584 zum
1156 1561 1210 1583 Ver⸗

683 1574 739 1601 kauff
748 1584 801 1602 parat
812 1577 916 1604 gehalten.
945 1579 974 1602 Es
987 1581 1062 1606 muͤſſen
1079 1587 1126 1604 aber
1139 1588 1169 1604 die
1183 1591 1203 1603 im

683 1609 761 1631 Walde
779 1608 910 1635 abgehauene
926 1611 1073 1635 Bret⸗Klotzer
1090 1614 1144 1637 nicht
1160 1617 1209 1643 allzu

682 1633 729 1658 lang
743 1639 762 1655 in
776 1633 828 1659 ihrer
835 1636 902 1659 Rinde
910 1636 946 1662 auf
957 1635 1025 1663 bloſſer
1045 1638 1092 1660 Erde
1102 1644 1138 1660 und
1148 1645 1208 1662 ange⸗

680 1664 765 1685 zogener
773 1662 908 1690 Feuchtigkeit
921 1665 986 1691 liegen
995 1665 1088 1690 bleiben;
1104 1670 1157 1689 denn
1167 1671 1209 1695 ſon⸗

680 1689 722 1711 ſten
740 1689 841 1715 dieſelben
858 1690 955 1718 leichtlich
972 1696 1034 1715 unter
1047 1695 1080 1716 der
1096 1695 1166 1718 Rinde
1180 1700 1207 1718 im

680 1717 758 1738 Splint
776 1717 822 1738 blau
839 1717 962 1743 anlauffen,
979 1721 1027 1741 oder
1048 1725 1083 1746 gar
1100 1723 1206 1748 verſtocken

678 1744 777 1768 moͤchten,
795 1744 832 1768 daß
848 1745 930 1771 hieraus
952 1751 991 1768 nur
1007 1748 1073 1769 lauter
1090 1751 1208 1775 untuͤchtige

679 1773 761 1794 Breter
772 1773 814 1795 und
826 1773 947 1799 vergebliche
953 1773 1021 1799 Muͤhe
1029 1780 1049 1800 zu
1057 1775 1159 1802 ſchneiden
1166 1780 1204 1801 waͤ⸗

677 1799 713 1817 re;
728 1795 815 1821 woferne
828 1801 854 1822 ſie
871 1797 917 1820 aber
934 1798 1002 1824 liegen
1016 1800 1084 1825 ſollen,
1097 1806 1145 1824 muß
1158 1809 1205 1823 man

676 1824 709 1847 die
722 1824 791 1848 Rinde
804 1827 869 1848 davon
882 1824 987 1853 abſchaͤlen
1000 1829 1039 1849 und
1052 1828 1078 1855 ſie
1092 1832 1121 1854 auf
1125 1832 1206 1856 Traͤger

677 1853 745 1877 legen,
757 1859 789 1873 am
801 1855 914 1879 allerbeſten
927 1857 974 1878 aber
987 1856 1009 1882 iſt
1026 1858 1053 1882 es,
1069 1858 1106 1882 daß
1119 1863 1167 1881 man
1179 1862 1205 1885 ſie

675 1882 730 1905 gantz
742 1880 799 1906 friſch
811 1881 907 1908 ſchneide,
919 1884 944 1905 da
955 1881 980 1908 ſie
993 1884 1047 1907 denn
1066 1884 1202 1912 dauerhaffter

675 1906 727 1929 ſind.
755 1908 816 1930 Uiber
827 1908 956 1934 oberwehnte
973 1911 1014 1934 alte
1030 1912 1071 1934 Art
1093 1917 1132 1935 von
1144 1915 1205 1940 Saͤg⸗

675 1936 723 1957 oder
735 1935 945 1964 Schneide⸗Muͤhlen
956 1937 991 1964 hat
1005 1943 1050 1961 man
1062 1943 1107 1962 eine
1121 1940 1164 1967 ſehr
1171 1945 1202 1973 be⸗

676 1965 745 1985 queme
756 1968 807 1986 neue
819 1965 928 1988 lnvention,
941 1966 981 1988 mit
995 1964 1013 1991 ſo
1023 1967 1064 1988 viel
1076 1966 1140 1989 neben
1157 1973 1199 1996 ein⸗

674 1991 739 2014 ander
750 1991 853 2019 geſtellten
863 1991 948 2019 Saͤgen,
957 1992 997 2019 daß
1008 1994 1094 2023 dadurch
1105 1999 1140 2018 ein
1151 2000 1199 2021 gan⸗

1244 231 1275 248 zer
1281 226 1346 251 Block
1359 233 1380 251 in
1394 226 1413 253 ſo
1426 227 1466 251 viel
1477 228 1563 255 Breter,
1578 228 1611 251 als
1627 228 1679 256 ſeine
1691 229 1772 255 Staͤrcke

1249 259 1349 284 austraͤgt,
1357 259 1396 283 auf
1400 259 1495 282 einmahl
1506 260 1632 286 geſchnitten
1642 262 1722 285 werden
1731 264 1772 285 kan,

1244 282 1328 310 folglich
1336 291 1383 308 man
1397 288 1432 309 der
1438 285 1508 312 Muͤhe
1516 287 1632 313 uͤberhoben
1633 284 1670 314 iſt,
1678 290 1707 312 den
1714 290 1771 315 Block

1244 313 1366 339 iedesmals,
1385 320 1432 337 wenn
1446 321 1479 337 ein
1491 316 1580 344 Schnitt
1593 321 1615 341 zu
1627 317 1691 342 Ende,
1703 318 1770 341 wieder

1244 337 1324 364 zuruͤcke
1336 340 1414 365 lauffen
1425 346 1449 367 zu
1460 342 1531 368 laſſen,
1546 344 1588 366 und
1601 343 1674 370 ſolches
1684 344 1703 370 ſo
1712 342 1746 367 offt
1753 341 1773 370 zu

1246 367 1394 394 wiederholen,
1410 369 1441 391 bis
1465 374 1486 392 er
1503 372 1556 396 gantz
1576 368 1717 397 zerſchnitten,
1736 377 1769 395 wie

1245 393 1377 421 nothwendig
1396 396 1433 421 bey
1445 399 1481 419 der
1493 398 1556 420 erſten
1574 399 1620 423 Art,
1633 404 1663 421 wo
1678 403 1715 420 nur
1730 404 1769 421 eine

1246 424 1308 447 Saͤge
1321 423 1350 449 iſt,
1362 423 1468 449 geſchehen
1476 424 1524 449 muß.
1560 426 1696 450 Dergleichen
1708 427 1769 453 beqve⸗

1251 455 1278 471 me
1288 451 1330 473 und
1341 450 1483 477 compendioſe
1492 452 1719 479 Schneide ⸗ Muͤhlen,
1724 455 1768 478 wel⸗

1246 476 1278 499 che
1291 481 1336 498 vom
1349 478 1426 500 Winde
1439 479 1542 503 getrieben
1550 481 1638 506 werden,
1646 480 1685 505 ſind
1696 478 1717 506 zu
1725 480 1767 506 Ber⸗

1245 500 1276 527 lin
1289 508 1311 526 zu
1324 506 1388 529 ſehen.
1418 508 1471 530 Von
1488 508 1767 534 Waſſer⸗ Schneide ⸗ Muͤh⸗

1247 530 1281 552 len
1294 531 1340 553 aber
1355 531 1416 556 findet
1426 530 1461 557 man
1478 533 1530 554 viele
1539 533 1582 558 hier
1590 533 1630 555 und
1637 532 1661 558 dar
1677 533 1718 563 nach
1730 535 1767 557 die⸗

1247 560 1275 578 ſer
1292 555 1349 582 neuen
1361 562 1399 581 Art
1410 561 1543 586 eingerichtet.
1594 564 1623 587 Es
1635 564 1713 587 werden
1725 565 1766 587 aber

1246 588 1279 607 die
1290 587 1349 610 Saͤg⸗
1358 588 1407 609 oder
1419 587 1629 614 Schneide⸗Muͤhlen
1646 585 1704 617 nicht
1704 588 1726 613 an
1740 591 1765 614 al⸗

1242 609 1280 635 len
1291 616 1371 637 Orten,
1381 617 1433 640 ohne
1440 618 1474 639 der
1480 616 1694 645 Landes⸗Fuͤrſtlichen
1705 614 1768 643 Obrig⸗

1245 642 1283 663 keit
1294 641 1438 666 Bewilligung
1449 641 1577 670 zugelaſſen:
1594 644 1642 667 Und
1650 642 1684 669 hat
1682 645 1764 670 ſonder⸗

1239 666 1281 692 lich
1304 672 1336 690 die
1361 669 1642 700 Fuͤrſtlich ⸗ Luͤneburgiſche
1656 668 1764 703 Forſt⸗Ord⸗

1252 700 1300 719 nung
1314 694 1365 720 dieſe
1379 698 1500 719 Limitation,
1512 702 1572 720 wenn
1583 697 1632 722 uͤber
1643 699 1675 722 die
1691 700 1762 725 vorigen

1245 721 1412 747 Saͤge⸗Muͤhlen
1429 728 1475 746 eine
1495 729 1555 747 neue
1565 726 1673 750 anzulegen
1679 723 1704 751 in
1713 726 1762 751 Vor⸗

1244 749 1307 772 ſchlag
1317 750 1410 773 kommen
1422 751 1501 776 wuͤrde,
1511 753 1550 777 foll
1562 753 1638 780 erſtlich
1649 754 1700 778 wohl
1711 754 1763 778 uͤber⸗

1238 777 1297 801 leget
1307 779 1395 802 werden,
1403 781 1445 803 was
1457 785 1489 801 vor
1501 781 1580 804 Nutzen
1593 781 1654 806 daher
1663 787 1684 807 zu
1696 785 1761 807 gewar⸗

1242 800 1294 827 ten?
1305 805 1357 828 Zum
1372 808 1464 829 andern:
1479 806 1515 829 Ob
1528 813 1562 830 ein
1576 808 1699 834 beſtaͤndiger
1710 807 1761 834 Waſ⸗

1249 830 1332 856 ſer⸗Fall
1347 833 1402 855 allda
1419 832 1544 860 befindlich?
1558 835 1618 859 Vors
1633 831 1708 859 dritte:
1719 836 1762 860 Wie

1242 855 1300 882 lange
1317 861 1348 883 die
1365 860 1502 888 Holtzungen,
1518 862 1536 889 ſo
1554 867 1591 885 auf
1609 862 1683 891 ſolchen
1700 863 1761 892 Saͤge⸗

1242 883 1334 911 Muͤhlen
1347 891 1369 912 zu
1381 886 1522 913 verſchneiden
1534 888 1663 913 vorhanden,
1677 889 1761 915 nachhal⸗

1241 915 1276 931 ten
1296 915 1397 939 koͤnnen?
1420 918 1542 941 Viertens:
1565 919 1600 942 Ob
1617 919 1691 946 ſolches
1709 920 1759 946 Holtz

1238 940 1296 962 nicht
1307 940 1344 965 auf
1354 947 1410 964 einer
1426 942 1505 966 andern
1524 941 1602 968 Muͤhle
1619 944 1760 971 gelegenſamer

1239 973 1261 990 zu
1274 968 1378 992 ſchneiden
1390 969 1438 995 ſey?
1459 971 1497 993 Und
1509 976 1550 997 zum
1560 972 1663 999 fuͤnfften:
1686 974 1711 997 Ob
1724 977 1760 996 man

1238 994 1286 1020 auch
1298 999 1355 1019 eines
1367 1000 1429 1022 guten
1436 999 1535 1024 Abgangs
1548 1001 1583 1023 der
1593 997 1666 1027 Breter
1678 1003 1716 1024 und
1722 1002 1760 1025 Lat⸗

1237 1022 1273 1043 ten
1294 1024 1401 1048 verſicheit
1421 1026 1476 1052 ſey?
1503 1027 1562 1053 Nach
1583 1030 1620 1050 der
1641 1028 1761 1057 Fuͤrſtlichen

1239 1040 1476 1075 Sachſen⸗Gothiſchen
1491 1047 1697 1075 Muͤhl ⸗ Ordnung
1707 1052 1759 1076 ſollen

1239 1078 1270 1094 die
1277 1078 1353 1101 Boͤden
1366 1084 1387 1101 in
1400 1079 1465 1103 denen
1485 1077 1643 1107 Saͤge⸗Muͤhlen
1661 1082 1712 1109 wohl
1723 1085 1759 1103 ver⸗

1237 1105 1314 1129 wahret
1317 1099 1375 1130 ſeyn,
1391 1107 1429 1131 daß
1441 1109 1496 1131 keine
1503 1107 1654 1135 Saͤge⸗Spaͤne
1663 1113 1694 1133 ins
1705 1108 1758 1136 Waſ⸗

1233 1127 1266 1155 ſer
1276 1133 1347 1158 fallen,
1359 1135 1401 1156 und
1412 1137 1444 1157 die
1456 1136 1603 1165 Fiſch⸗Waſſer
1614 1137 1698 1162 dadurch
1708 1139 1759 1163 abge⸗

1235 1159 1284 1178 oͤdet
1298 1159 1339 1182 und
1353 1159 1461 1187 verwuͤſtet
1472 1161 1560 1185 werden.
1604 1163 1649 1187 Die
1660 1161 1758 1190 Schleiff⸗

1236 1181 1334 1208 Muͤhlen
1357 1185 1401 1211 ſind
1419 1190 1471 1212 zwar
1491 1192 1531 1210 von
1549 1192 1643 1215 wenigen
1660 1188 1757 1216 Unkoſten,

1232 1216 1284 1234 aber
1302 1221 1337 1239 zur
1357 1216 1588 1245 Haus ⸗ Wirtſchafft
1602 1218 1757 1246 nothwendiger,

1234 1238 1281 1263 weil
1290 1243 1389 1265 darinnen
1401 1238 1427 1266 auf
1429 1243 1551 1270 allerhand
1559 1246 1757 1274 Schleiff⸗Steinen,

1235 1269 1267 1290 die
1285 1269 1344 1294 durch
1360 1270 1434 1297 Huͤlffe
1447 1277 1505 1295 eines
1518 1272 1682 1298 Waſſer⸗Rades
1694 1277 1758 1299 umge⸗

1231 1294 1312 1318 trieben
1330 1297 1419 1321 werden,
1436 1297 1541 1322 allerhand
1553 1299 1622 1324 Stahl
1635 1302 1678 1323 und
1693 1300 1758 1327 Eiſen⸗

1231 1322 1301 1348 werck,
1307 1324 1328 1349 ſo
1336 1324 1397 1350 durch
1403 1326 1442 1349 den
1449 1325 1557 1352 Gebrauch
1562 1328 1596 1348 die
1603 1327 1710 1353 Schneide
1718 1332 1757 1352 ver⸗

1231 1345 1311 1375 lohren,
1326 1352 1401 1374 wieder
1413 1350 1531 1379 geſchaͤrffet
1538 1355 1580 1376 und
1587 1355 1628 1380 alſo
1635 1356 1710 1381 darbey
1718 1358 1757 1378 eine

1231 1370 1313 1401 ſchwere
1323 1377 1483 1404 Hand ⸗ Arbeit
1498 1378 1585 1404 erſparet
1601 1379 1662 1404 wird.
1704 1382 1757 1405 Man

1233 1402 1267 1424 kan
1274 1406 1301 1424 ſie
1307 1407 1345 1431 bey
1351 1406 1429 1429 andern
1440 1407 1608 1434 Mahl⸗Muͤhlen
1619 1413 1646 1432 an
1657 1414 1690 1432 ein
1702 1408 1756 1437 Waſ⸗

1230 1425 1260 1454 ſer
1270 1434 1316 1454 Rad
1333 1435 1373 1455 mit
1390 1434 1507 1459 anhaͤngen,
1522 1433 1562 1457 und
1580 1440 1641 1460 wenn
1659 1441 1707 1459 man
1733 1438 1755 1462 ſie

1235 1461 1284 1482 nicht
1296 1460 1395 1485 brauchet,
1404 1462 1470 1484 davon
1477 1461 1582 1487 abruͤcken.
1594 1464 1639 1488 Die
1646 1463 1755 1491 Stampff⸗

1239 1480 1328 1504 Muͤhlen
1338 1482 1421 1505 werden
1432 1483 1525 1507 meiſtens
1538 1486 1604 1506 denen
1616 1489 1654 1508 nur
1666 1487 1754 1512 beſchrie⸗

1229 1514 1293 1537 benen
1308 1516 1640 1544 Mahl⸗ und Waſſer⸗Muͤhlen
1655 1518 1754 1546 angehaͤn⸗

1229 1546 1268 1563 get,
1276 1542 1340 1564 haben
1348 1543 1390 1565 ihre
1405 1544 1513 1568 beſondere
1525 1545 1601 1569 Welle,
1610 1546 1652 1570 und
1663 1547 1724 1571 daran
1735 1546 1751 1573 ſo

1229 1569 1270 1591 viel
1281 1568 1366 1595 Zapffen
1378 1570 1425 1592 oder
1431 1570 1540 1596 Daumen,
1551 1571 1584 1595 als
1594 1572 1702 1598 Stampen
1711 1575 1751 1596 oder

1230 1593 1350 1621 Stampffen
1363 1598 1414 1621 ſind,
1426 1598 1498 1623 welche
1507 1599 1609 1623 Daumen
1617 1601 1665 1624 oder
1670 1601 1749 1628 Zapffen

1231 1623 1264 1648 bey
1276 1625 1321 1647 dem
1333 1621 1426 1650 Umlauff
1436 1620 1474 1650 der
1480 1628 1547 1649 Welle
1559 1629 1591 1651 die
1604 1625 1724 1657 Stampffen
1731 1633 1748 1651 in

1224 1651 1262 1673 die
1272 1650 1332 1677 Hoͤhe
1345 1652 1408 1677 heben
1415 1653 1456 1675 und
1465 1655 1527 1675 wieder
1544 1653 1608 1679 fallen
1616 1654 1685 1681 laſſen.
1711 1655 1746 1680 Sie

1228 1677 1300 1702 dienen
1311 1678 1394 1704 Hirſen,
1409 1680 1533 1707 Heidekorn,
1549 1683 1621 1709 Gerſte
1633 1689 1660 1706 ꝛc.
1668 1688 1690 1710 zu
1696 1683 1746 1708 ſtam⸗

1227 1703 1282 1729 pfen,
1293 1708 1336 1726 und
1346 1712 1380 1730 zur
1390 1707 1466 1733 Speiſe
1477 1708 1622 1737 beqvemlicher
1625 1710 1649 1738 zu
1659 1711 1745 1734 bereiten.

1227 1736 1270 1755 Die
1281 1735 1478 1760 Walck⸗Muͤhlen,
1496 1738 1598 1760 darinnen
1615 1738 1685 1764 Leder,
1696 1737 1742 1763 Tuch

1228 1762 1268 1782 und
1281 1762 1355 1785 andere
1366 1761 1434 1786 Zeuge
1448 1764 1561 1789 gewalcket,
1579 1765 1616 1787 das
1629 1765 1659 1791 iſt,
1671 1765 1741 1791 geſtam⸗

1224 1789 1274 1813 pfet,
1280 1790 1322 1811 und
1329 1794 1363 1813 zur
1369 1789 1478 1815 gehoͤrigen
1484 1789 1599 1820 Lindigkeit
1606 1790 1691 1820 gebracht
1700 1797 1740 1815 wer⸗

1226 1813 1270 1838 den,
1279 1814 1354 1840 pfleget
1360 1812 1408 1838 man
1416 1821 1442 1839 an
1449 1813 1567 1842 flieſſenden
1574 1818 1668 1846 Waſſern
1679 1820 1741 1843 alleine

1225 1840 1273 1865 oder
1286 1844 1321 1868 bey
1335 1844 1412 1867 andern
1422 1844 1517 1870 Muͤhlen
1529 1847 1636 1874 dergeſtalt
1647 1848 1741 1873 anzubrin⸗

1222 1873 1269 1890 gen,
1287 1872 1325 1895 daß
1346 1874 1384 1894 das
1399 1873 1536 1899 Waſſer⸗Rad
1555 1876 1594 1899 den
1611 1875 1741 1900 Well⸗Baum

1223 1895 1263 1919 mit
1273 1898 1343 1921 ſeinen
1353 1898 1490 1924 Heb⸗Armen
1500 1900 1573 1926 herum
1579 1903 1651 1928 treibt,
1664 1907 1701 1924 wie
1710 1901 1743 1924 bey

1223 1925 1301 1948 andern
1313 1924 1667 1956 Stampff⸗ und Papier⸗Muͤhlen,
1679 1928 1742 1954 welche

1224 1953 1300 1970 Armen
1312 1950 1345 1971 die
1357 1949 1450 1977 Klappen
1462 1951 1512 1975 oder
1525 1953 1578 1975 rund
1590 1954 1630 1977 und
1644 1953 1696 1977 glatt
1711 1956 1740 1978 ge⸗

1223 1976 1313 2004 machten
1322 1978 1447 2006 Stampffen
1458 1979 1560 2006 aufheben
1574 1984 1617 2005 und
1629 1981 1696 2005 nieder
1705 1980 1741 2008 fal⸗

1218 2003 1250 2032 len
1264 2002 1336 2031 laſſen,
1347 2003 1410 2030 deren
1421 2009 1470 2029 man
1481 2006 1535 2032 denn
1543 2011 1599 2033 mehr
1606 2008 1653 2032 oder
1664 2010 1740 2033 weniger

1660 2040 1738 2066 machen
