1634 2362
946 420 1001 467 98

556 509 600 545 Er
630 510 706 545 wird
729 512 789 549 alſo
812 511 845 542 in
865 510 916 543 der
938 509 1018 555 Hitze
1039 513 1088 547 der
1108 508 1307 553 Leidenſchaft
1329 504 1389 547 und

556 563 878 605 unzurechtfertigende
889 562 1090 605 Maaßregeln
1104 564 1256 605 ergreifen.
1308 565 1390 611 Hoͤrt

556 628 587 650 er
606 618 673 650 aber
695 616 782 656 ruhig
798 616 859 648 und
877 617 1001 660 gelaſſen
1015 620 1070 651 den
1089 619 1232 658 Vorfall,
1260 619 1291 659 ſo
1314 619 1391 654 wird

555 677 585 699 er
606 668 662 701 mit
682 668 861 709 derſelbigen
880 666 1108 709 Gemuͤthsruhe
1130 671 1188 702 alle
1203 670 1296 706 kleine
1317 673 1390 705 Um⸗

555 717 654 760 ſtaͤnde
680 720 761 761 ohne
793 718 1044 763 Partheylichkeit
1075 712 1291 761 unterſuchen,
1329 720 1391 757 und

552 769 602 813 fuͤr
631 774 693 808 eine
717 772 949 817 Genugthuung
971 772 1063 809 koͤnne
1090 773 1225 817 gefodert
1248 776 1319 811 oder
1342 773 1393 817 fuͤr

556 828 619 863 eine
642 828 756 871 Strafe
773 828 919 871 auferlegt
940 830 1069 865 werden.
1122 829 1228 869 Durch
1248 830 1313 866 eine
1336 831 1397 871 ſol⸗

555 882 600 922 che
620 873 889 923 Verfahrungsart
910 881 1032 926 verraͤth
1051 893 1081 918 er
1103 884 1173 919 aber
1186 882 1392 927 keinesweges

551 932 841 972 Kleinmuͤthigkeit,
869 934 995 973 ſondern
1030 935 1115 970 einen
1148 921 1276 975 groͤßern
1301 932 1395 968 Grad

551 992 612 1018 von
639 982 827 1027 Feſtigkeit,
868 988 919 1021 als
952 980 1135 1028 gewoͤhnlich
1168 987 1222 1028 bey
1250 975 1399 1031 zornigen

550 1041 713 1082 Menſchen
743 1051 778 1084 zu
803 1042 903 1082 finden
932 1043 975 1085 iſt.
1029 1042 1147 1080 Denn,
1160 1044 1193 1089 ob
1238 1042 1276 1084 ſie
1301 1031 1397 1090 gleich

550 1110 605 1134 um
630 1101 679 1142 ſich
705 1101 755 1142 her
776 1102 914 1143 ſprudeln
944 1101 1004 1136 und
1030 1099 1178 1145 ſtuͤrmen,
1207 1102 1236 1143 ſo
1259 1104 1294 1148 iſt
1320 1103 1390 1143 doch

550 1155 617 1197 ihre
636 1155 802 1201 Heftigkeit
835 1158 879 1198 oft
902 1166 959 1193 nur
982 1159 1039 1192 wie
1063 1160 1111 1193 ein
1133 1158 1269 1201 ſchneller
1291 1158 1408 1202 Blitz,

549 1211 604 1245 der
628 1211 718 1253 gleich
752 1212 861 1247 wieder
881 1211 1100 1254 verſchwindet.
1152 1210 1255 1253 Jenen
1282 1213 1399 1253 nimmt

549 1267 604 1307 ſich
623 1266 692 1305 Zeit
714 1276 766 1310 zur
789 1267 1022 1309 Ueberlegung,
1043 1268 1205 1310 gebraucht
1222 1268 1287 1312 ihre
1310 1269 1390 1306 Ver⸗

549 1314 662 1351 nunft,
692 1315 863 1354 entſcheidet
888 1317 946 1348 mit
974 1315 1195 1355 Gerechtigkeit
1227 1313 1289 1349 und
1315 1315 1389 1356 han⸗

548 1376 612 1409 delt
630 1373 820 1415 einſtimmig.
875 1373 940 1410 Die
960 1376 1037 1419 letzte
1058 1376 1136 1410 wird
1156 1377 1245 1416 durch
1265 1378 1312 1411 die
1324 1378 1396 1414 Lei⸗

547 1421 699 1462 denſchaft
716 1422 907 1458 verblendet,
935 1423 997 1456 und
1020 1423 1138 1466 vergißt
1158 1411 1306 1464 vielleicht
1329 1424 1390 1459 das

549 1480 696 1520 Unrecht,
725 1489 813 1515 wenn
839 1480 888 1521 ſich
906 1481 958 1517 der
970 1481 1054 1519 Zorn
1073 1478 1233 1524 abgekuͤhlt
1256 1482 1328 1525 hat,
1351 1483 1391 1515 da

548 1542 600 1566 wo
633 1536 668 1575 ſie
694 1537 743 1577 ſich
770 1535 1003 1577 Genugthuung
1031 1537 1155 1579 ſchaffen
1189 1537 1291 1578 ſollte,
1321 1538 1390 1572 oder

547 1584 634 1626 ſtraft
655 1594 766 1626 zuvor,
794 1585 843 1626 ehe
865 1586 901 1627 ſie
923 1586 994 1628 noch
1014 1587 1062 1622 die
1079 1587 1189 1623 Natur
1208 1587 1261 1624 der
1284 1587 1398 1624 Belei⸗

546 1634 664 1677 digung
687 1636 804 1677 gepruͤft
820 1639 884 1679 hat.

630 1690 721 1725 Sind
743 1692 800 1724 wir
823 1691 920 1724 einem
939 1691 967 1732 ſo
990 1692 1209 1734 unſchicklichen
1231 1691 1388 1733 Betragen

548 1739 778 1780 unterworfen,
796 1743 858 1775 und
877 1740 1043 1787 uͤberlaſſen
1061 1745 1122 1777 uns
1143 1743 1199 1781 den
1214 1743 1390 1786 Bewegun⸗

543 1799 605 1831 gen
634 1790 688 1825 des
713 1790 819 1829 Zorns
837 1782 884 1824 in
916 1794 1213 1834 Angelegenheiten,
1248 1799 1297 1830 die
1326 1794 1388 1827 uns

545 1851 627 1894 nicht
648 1851 847 1886 unmittelbar
872 1851 1027 1892 betrafen,
1054 1853 1112 1887 wie
1128 1853 1201 1889 weit
1213 1848 1303 1896 mehr
1327 1852 1389 1895 ſind

546 1903 606 1930 wir
628 1899 752 1940 falſchen
773 1895 936 1938 Schritten
949 1903 1128 1939 ausgeſetzt,
1156 1913 1244 1933 wenn
1272 1908 1305 1935 es
1327 1899 1388 1932 uns

522 1961 630 2004 ſelbſt
645 1962 772 2006 angeht!
801 1960 993 2002 Jedermann
1013 1962 1066 2006 hat
1088 1963 1164 2005 ſeine
1180 1961 1389 2006 Vorurtheile,

547 2014 625 2055 ſeine
649 2012 1072 2061 Zu ⸗ und Abneigungen
1100 2016 1131 2052 in
1158 2017 1253 2055 einem
1278 2006 1396 2062 hoͤhern
