1656 2494
166 585 234 632 Jm
251 587 367 629 Buche
400 591 467 636 ſind
494 588 555 628 W.
590 588 771 634 Werkzeug
805 587 872 624 und
909 586 1083 632 Beobach⸗

168 642 291 681 tungen
309 638 518 685 beſchrieben.

244 702 322 742 Der
355 701 610 749 Augſpurgiſche
648 704 870 746 Mechanicus
906 703 1082 748 Brander,

168 742 226 791 hat
260 743 409 788 Sehnen
440 756 510 791 zum
535 749 808 798 Winkelmeſſen,
844 753 902 790 bey
934 751 1082 790 mehrern

166 798 265 844 ſeiner
299 802 499 847 Werkzeuge
531 804 741 844 angebracht.
836 803 1084 846 Beſchreibung

167 851 257 892 eines
298 852 627 901 Spiegelſertanten,
679 850 803 898 Augſp.
849 863 956 899 1774.
1010 854 1084 892 Be⸗

165 899 351 947 ſchreibung
381 906 449 940 und
495 903 673 948 Gebrauch
712 911 802 939 eines
837 908 1085 945 geometriſchen

166 952 403 1001 Jnſtruments
440 958 473 997 in
499 956 636 1004 Geſtalt
667 961 755 995 eines
784 955 1085 1002 Proportionalcir⸗

165 1012 253 1058 kels;
283 1018 385 1056 1780.

225 1069 311 1110 XI.
338 1073 436 1113 Vom
452 1072 649 1118 Gebrauche
664 1077 721 1110 der
736 1071 883 1118 Sehnen
897 1082 968 1117 zum
984 1073 1087 1110 Win⸗

166 1122 344 1167 kelmeſſen,
383 1122 461 1172 wird
490 1131 590 1159 unten
621 1128 675 1159 18.
708 1123 762 1160 S.
795 1122 872 1164 noch
896 1124 995 1167 mehr
1011 1130 1086 1159 vor⸗

165 1167 323 1208 kommen.
402 1169 491 1212 Auch
521 1167 645 1216 gehoͤrt
675 1171 774 1210 dahin
814 1172 1085 1214 unterſchiedenes

165 1228 202 1268 in
226 1229 347 1266 meiner
373 1227 640 1275 aſtronomiſchen
664 1227 832 1278 Abhandl.
852 1228 905 1264 II.
926 1226 1086 1270 Samml.

167 1293 200 1334 5.
228 1278 394 1335 Abhandl.

349 1373 455 1416 Vom
503 1370 909 1427 Proportionalzirkel.

242 1459 334 1496 XII.
357 1457 482 1506 Dieſes
502 1454 687 1504 Werkzeug
707 1454 766 1493 wie
784 1457 845 1493 wir
870 1461 904 1493 es
916 1464 993 1494 vom
1012 1454 1091 1497 Ga⸗

155 1498 267 1554 lilaͤus
286 1498 472 1539 bekommen
498 1502 619 1546 haben,
673 1505 790 1542 beruht
820 1508 982 1546 eigentlich
1014 1513 1088 1536 dar⸗

167 1544 241 1597 auf,
274 1553 339 1596 daß
361 1560 440 1590 man
466 1554 613 1597 zwiſchen
638 1560 688 1592 ein
728 1560 828 1596 Paar
850 1554 914 1592 auf
948 1560 1086 1595 einerley

106 1605 238 1644 Art
256 1604 433 1655 getheilten
456 1605 578 1649 Linien,
607 1608 669 1646 den
699 1609 834 1646 Winkel
860 1609 938 1647 nach
963 1609 1087 1648 Gefal⸗

168 1652 220 1691 len
238 1652 367 1698 aͤndert,
390 1654 457 1691 und
477 1654 534 1701 der
564 1656 768 1697 Grundlinie
789 1664 844 1690 des
868 1660 1088 1697 gleichſchenk-

168 1706 283 1754 lichten
319 1705 485 1753 Dreyecks
512 1712 572 1746 das
605 1715 636 1754 ſo
674 1714 824 1755 entſteht,
865 1711 959 1749 durch
988 1711 1087 1757 Thei⸗

169 1756 389 1808 lungspuncte
417 1762 473 1799 der
489 1758 669 1812 Schenkel,
698 1763 891 1807 Parallelen
920 1765 994 1804 legt.

252 1813 418 1854 Galilaei
446 1813 491 1849 de
511 1813 704 1861 Galilaeis,
722 1820 768 1850 de
786 1818 1086 1860 Proportionum

167 1851 427 1897 instrumento
441 1867 459 1890 a
470 1869 509 1889 se
517 1864 677 1893 invento
686 1875 877 1896 tractatus,
900 1867 905 1889 a
918 1864 1087 1892 Matthia

167 1903 411 1955 Berneggero
423 1918 471 1940 ex
490 1913 621 1944 Italica
647 1923 688 1945 in
705 1921 770 1943 lat.
797 1919 918 1951 lingu.
929 1918 1087 1942 tiansla-

169 1968 230 2001 tus
236 1969 440 2019 Argentor.
476 1971 579 2005 1612.
607 1975 727 2016 Georg
743 1971 991 2014 Galgenmairs
1018 1973 1089 2010 Un⸗

172 2013 300 2063 terricht
321 2024 376 2060 der
392 2018 640 2066 hochnuͤtzlichen
661 2023 916 2073 Jnſtrumenten
939 2019 1089 2063 Propor⸗

171 2066 288 2118 tional,
298 2071 515 2120 Schregmaß
525 2081 589 2110 und
602 2079 744 2116 Cirkels,
759 2077 836 2108 Ulm
855 2079 961 2115 1615.
980 2081 1092 2114 Gold⸗

172 2133 287 2176 mann,
311 2127 356 2165 de
373 2137 444 2166 vsu
456 2126 811 2176 proportionatorii,
827 2137 905 2165 vom
928 2132 1089 2170 Gebrau⸗
