1760 2571
1234 294 1263 330 9

176 360 293 408 Futter
306 360 362 408 fuͤr
377 361 439 399 das
454 357 546 407 Vieh
559 357 714 403 rechnen,
742 356 880 392 anderer
898 354 999 392 vieler
1014 351 1150 400 Wagen
1170 351 1205 395 ⁸)
1228 358 1268 396 zu

175 413 266 459 ihren
282 413 438 459 goldenen
452 414 522 449 und
536 409 696 457 ſilbernen
704 405 883 453 Gevaͤßen,
909 404 1023 450 welche
1039 404 1079 451 ſie
1096 407 1271 441 entwandt

179 463 363 504 hatten,⁹)
391 463 458 502 und
475 472 513 504 zu
535 463 589 500 der
611 458 765 504 haͤufigen
786 457 951 504 Bagage,
979 457 1047 494 und
1070 458 1130 494 den
1152 453 1271 502 Gezel⸗

696 518 779 562 A5

1210 517 1268 548 ten

203 654 236 699 ⁸)

257 655 401 699 Obgleich
422 658 474 690 der
493 653 643 694 Verfaſſer
660 661 719 688 von
741 649 837 685 vielen
859 649 977 689 Wagen
1001 649 1098 687 redet,
1120 650 1179 683 und
1196 644 1269 681 bald

263 701 374 739 darauf
386 707 467 738 5000
478 700 538 732 und
553 696 675 735 hernach
698 695 783 728 6000
807 693 923 734 Wagen
944 692 1111 730 annimmt,
1133 691 1161 732 ſo
1185 692 1219 730 iſt
1233 692 1271 724 es

261 744 331 778 doch
348 735 459 781 gewiß,
480 739 540 778 daß
559 739 597 780 ſie
618 741 697 773 keine
717 736 834 778 Wagen
859 735 914 769 mit
934 733 988 776 ſich
1016 730 1149 775 gefuͤhret
1161 732 1272 772 haben.

261 787 356 822 Denn
379 784 489 824 Moſes
516 783 635 823 gedenkt
655 782 754 817 keines
783 779 943 821 Wagens,
962 780 1022 813 und
1045 778 1191 819 derſelben
1217 777 1271 816 hat

262 829 316 868 ſich
333 827 432 869 Jacob
450 830 546 860 weder
566 824 621 867 bey
637 822 818 865 Abhohlung
830 825 885 856 des
900 821 1066 858 Getraides
1090 821 1149 851 aus
1170 818 1273 858 Egyp⸗

265 872 335 908 ten,
356 868 427 909 noch
449 867 501 911 bey
526 866 628 907 ſeinem
662 864 741 908 Zuge
766 863 839 904 nach
854 862 990 904 Egypten
1015 859 1156 896 bedienet.
1220 861 1273 896 Es

263 914 382 947 werden
400 908 472 951 auch
492 907 563 948 noch
579 908 664 950 anitzt
685 908 716 949 ſo
736 906 836 946 wenig
855 912 915 939 von
938 907 995 939 den
1013 900 1275 944 herumziehenden

266 954 423 995 Arabern,
445 952 496 988 als
512 950 567 993 bey
581 955 636 986 den
654 950 832 987 Caravanen
858 949 974 989 Wagen
996 947 1188 988 gebrauchet,
1210 946 1273 979 und

265 1000 322 1035 wie
338 999 416 1035 kann
431 997 546 1038 doch
521 992 557 1035 an
565 995 704 1037 Wagens
718 993 842 1036 gedacht
859 996 995 1033 werden,
1016 997 1055 1026 da
1076 992 1123 1025 die
1147 988 1275 1034 Jſraeli⸗

265 1048 315 1078 ten
332 1042 386 1085 bey
402 1042 493 1081 ihrem
509 1038 645 1083 Auszuge
658 1040 718 1073 aus
730 1037 868 1079 Egypten
881 1039 937 1071 den
956 1036 1045 1074 rohen
1056 1034 1128 1076 Teig
1144 1037 1173 1069 in
1189 1033 1277 1072 ihren

266 1080 451 1128 Backtroͤgen
465 1084 522 1125 auf
530 1082 612 1123 ihren
620 1081 789 1125 Schultern
808 1083 946 1122 getragen
959 1076 1070 1118 haben,
1099 1089 1105 1110 2
1116 1077 1201 1118 Moſ.
1223 1084 1277 1112 12,

267 1136 319 1171 34.
335 1134 394 1164 und
411 1131 464 1171 ſich
481 1131 511 1163 in
535 1126 689 1170 Egypten,
712 1124 869 1165 beſonders
888 1129 945 1162 da,
969 1132 1017 1158 wo
1043 1124 1089 1157 die
1110 1120 1278 1164 Jſraeliten

270 1170 444 1212 gewohnet,
466 1170 513 1205 ein
526 1169 554 1211 ſo
573 1168 678 1211 großer
693 1165 890 1213 Holzmangel
906 1166 1023 1206 findet?

211 1249 247 1296 ⁹)

267 1250 345 1288 Das
363 1250 469 1287 Wort,
489 1246 615 1289 welches
630 1244 776 1287 Lutherus
788 1244 874 1286 durch
890 1243 1070 1278 entwenden
1084 1241 1284 1281 ausgedruckt:

275 1298 348 1338 hat,
371 1297 504 1332 bedeutet
519 1303 593 1334 nur,
615 1297 713 1329 etwas
728 1295 783 1329 mit
796 1293 848 1335 ſich
863 1292 1066 1334 fortnehmen,
1089 1293 1148 1323 und
1170 1290 1199 1329 ſo
1220 1289 1286 1323 wie:

273 1341 353 1378 Gott
368 1344 423 1376 den
445 1337 605 1380 Jſraeliten
621 1335 761 1377 befohlen
778 1335 852 1373 hat,
879 1342 939 1367 von
964 1335 1019 1367 den
1046 1333 1200 1373 Egyptern
1217 1329 1286 1369 gol⸗:

273 1386 347 1418 dene
363 1387 422 1418 und
435 1383 559 1423 ſilberne
573 1375 697 1420 Gevaͤße
713 1388 745 1419 zu
760 1379 883 1416 lehnen:
904 1378 963 1416 alſo
982 1376 1076 1414 haben
1091 1377 1128 1416 ſie
1141 1375 1212 1413 auch
1225 1375 1287 1407 die⸗

272 1427 369 1466 ſelben
388 1428 443 1459 mit
463 1425 557 1463 Recht
580 1425 635 1456 mit
659 1424 716 1463 ſich
735 1422 919 1459 fortnehmen
941 1415 1065 1452 koͤnnen.
1116 1417 1210 1452 Denn
1235 1417 1287 1449 die

239 1462 418 1504 Egyptier
430 1461 529 1500 haben
544 1461 594 1501 ſie,
616 1460 692 1497 ohne
709 1460 781 1498 dieſe
798 1453 923 1497 Gevaͤße
938 1451 1202 1497 zuruͤckzufordern,
1231 1461 1286 1485 an⸗

270 1503 445 1545 getrieben,
479 1503 532 1543 ſich
558 1501 708 1543 ſtehendes
724 1500 825 1542 Fußes
842 1496 1068 1539 fortzumachen.
1116 1495 1286 1531 Ueberdem

274 1548 372 1592 haben
389 1551 434 1584 die
441 1545 603 1591 Jſraeliten
619 1546 708 1586 ihnen
720 1543 969 1586 Sclavendienſte
981 1540 1142 1583 verrichten
1158 1534 1287 1581 muͤſſen,

272 1590 348 1630 ohne
363 1585 449 1632 dafuͤr
467 1587 538 1627 auch
560 1595 617 1624 nur
641 1586 738 1622 etwas
760 1595 792 1627 zu
813 1584 999 1623 bekommen,
1021 1584 1080 1616 und
1102 1583 1191 1622 ihnen
1222 1581 1286 1620 ihre

270 1630 409 1679 Haͤuſer,
431 1636 491 1670 und
506 1635 561 1669 mit
579 1633 724 1672 Getraide
744 1631 860 1672 beſtelte
873 1630 979 1667 Aecker
993 1627 1193 1670 hinterlaſſen,
1219 1625 1288 1660 wel⸗

273 1683 321 1722 che
338 1682 397 1717 wol
413 1682 441 1723 ſo
455 1682 515 1717 viel
530 1682 589 1715 und
606 1679 676 1718 noch
694 1678 774 1718 mehr
793 1676 889 1716 haben
906 1675 1047 1716 betragen
1073 1668 1211 1712 koͤnnen,
1233 1672 1285 1706 als

273 1727 322 1759 die
334 1722 456 1765 goldene
469 1726 529 1757 und
543 1720 667 1763 ſilberne
676 1715 799 1761 Gevaͤße
814 1717 907 1757 werth
922 1709 1049 1758 geweſen
1070 1717 1144 1759 ſind,
1164 1717 1228 1747 und
1247 1717 1286 1746 da

272 1767 398 1810 Pharao
414 1765 501 1806 ihnen
514 1764 597 1800 einen
611 1764 711 1805 freyen
725 1762 827 1803 Abzug
845 1760 1017 1801 verſtattet,
1039 1762 1099 1793 und
1117 1758 1207 1798 gleich
1219 1760 1285 1790 dar⸗

276 1814 334 1850 auf
348 1813 398 1846 als
415 1812 508 1852 Feind
525 1809 613 1846 ihnen
629 1806 823 1848 nachgezogen
840 1805 889 1846 iſt,
913 1806 940 1845 ſo
964 1804 1025 1847 ſind
1049 1805 1095 1837 die
1107 1801 1285 1844 Jſraeliten,

274 1848 357 1890 ſelbſt
373 1849 444 1889 nach
456 1848 550 1880 denen
563 1837 720 1884 nachmals
738 1852 795 1877 von
811 1846 868 1876 den
890 1840 1025 1877 Roͤmern
1048 1841 1194 1874 beliebten
1224 1838 1286 1873 Ge⸗

275 1892 381 1935 ſetzen,
403 1893 478 1934 nicht
495 1888 667 1925 verbunden
682 1888 829 1930 geweſen,
851 1891 907 1921 den
925 1886 1091 1927 Egyptiern
1114 1885 1175 1918 das
1192 1891 1224 1922 zu
1244 1890 1286 1914 er⸗

276 1938 394 1980 ſtatten,
416 1939 485 1971 was
504 1936 543 1976 ſie
559 1943 618 1968 von
631 1933 721 1972 ihnen
733 1932 867 1974 gelehnet
888 1930 996 1969 haben.
1040 1931 1087 1967 Es
1111 1929 1188 1962 kann
1211 1926 1285 1966 auch

277 1979 362 2022 ſeyn,
383 1980 442 2021 daß
453 1981 499 2015 die
513 1975 674 2021 Jſraeliten
696 1979 790 2011 denen
811 1974 997 2016 Egyptiern,
1018 1982 1078 2006 von
1097 1970 1224 2010 welchen
1245 1971 1285 2014 ſie

277 2023 344 2058 dies
361 2025 421 2057 und
439 2021 524 2063 jenes
541 2018 691 2061 gelehnet,
713 2019 759 2052 die
772 2012 965 2057 angefuͤhrten
979 2011 1093 2056 Haͤuſer
1106 2017 1165 2046 und
1184 2011 1286 2054 beſtel⸗

280 2071 330 2102 ten
354 2065 457 2101 Aecker
477 2072 541 2107 zum
560 2061 761 2102 Unterpfande
782 2059 909 2101 gegeben
926 2058 1041 2098 haben,
1063 2056 1131 2089 weil
1148 2062 1220 2090 man
1236 2059 1287 2090 da⸗

280 2107 364 2142 mals
385 2107 462 2146 nicht
485 2108 596 2140 anders
619 2103 670 2137 als
687 2104 742 2142 auf
760 2106 808 2137 ein
835 2102 938 2145 Pfand
960 2101 1068 2138 lehnte.
1116 2097 1286 2139 Uebrigens

279 2144 394 2184 koͤnnen
411 2146 500 2188 dieſer
512 2138 636 2184 Gevaͤße
653 2143 730 2184 nicht
747 2143 805 2176 viel
828 2142 954 2182 geweſen
970 2140 1056 2181 ſeyn,
1079 2139 1146 2172 weil
1169 2138 1207 2179 ſie
1230 2145 1287 2170 nur

278 2199 340 2228 von
352 2195 446 2227 denen
464 2192 561 2226 etwas
574 2187 671 2228 haben
685 2187 790 2224 lehnen
805 2183 937 2226 koͤnnen,
960 2187 1005 2217 die
1027 2191 1059 2219 in
1078 2182 1195 2226 Goſen,
1225 2184 1285 2217 und

280 2238 321 2271 da
336 2235 440 2276 herum
459 2232 612 2276 gewohnet
628 2229 737 2273 haben.
