1595 2423
554 384 610 420 732

916 386 1169 431 APPENDIX

552 436 643 471 orali
663 436 969 483 manducatione)
1002 448 1069 480 von
1092 446 1149 480 der
1165 440 1416 494 muͤndlichen
1433 446 1530 487 Ge⸗

552 488 725 530 nieſſung
738 488 807 520 und
817 487 943 533 Eſſung
954 497 1013 526 des
1023 494 1134 529 Leibes
1143 492 1284 536 Chriſti/
1294 493 1381 541 nicht
1391 491 1511 534 anders

550 546 613 591 iſt/
610 554 699 582 dann
713 542 876 576 entweder
895 544 947 585 ein
949 544 1237 596 Wortgezaͤncke/
1253 546 1331 585 oder
1342 543 1393 586 ein
1403 539 1508 594 nichti⸗

548 611 607 651 ger
618 602 856 652 Schulpunct.

647 689 752 731 Was
743 694 905 748 anlanget
927 695 985 733 den
1005 694 1138 738 Articul
1153 704 1218 738 von
1228 696 1286 739 der
1299 688 1511 752 Ubiquitaͤt/

546 748 681 789 welcher
691 749 722 788 ſo
733 746 805 783 uͤbel
816 750 848 781 in
861 753 922 782 den
934 750 1052 791 Ohren
1064 754 1119 785 der
1127 753 1220 790 Leute
1230 752 1384 797 klinget,
1404 752 1456 793 als
1464 742 1505 788 ob

542 802 691 842 dadurch
702 802 749 833 die
758 801 970 846 warhafftige
991 803 1200 852 Menſchheit
1221 798 1343 854 Chriſti
1360 799 1504 855 zerſtoͤret

543 854 678 896 wuͤrde;
685 854 744 905 So
758 854 829 900 laſſe
838 861 921 896 man
921 855 1006 898 doch
1016 867 1083 899 nur
1095 859 1145 901 die
1157 859 1377 903 diſtinction
1377 862 1444 905 des
1450 852 1504 905 ge-

542 909 664 946 lehrten
676 908 832 939 Zanchii
843 913 951 942 etwas
960 906 1065 952 gelten
1077 910 1277 955 (Zanchius
1297 911 1345 950 de
1360 906 1502 951 diſſidio

542 961 757 1000 Cœnæ)/die
766 968 800 992 er
810 962 891 1000 nicht
901 962 1061 1005 erfunden
1072 966 1159 1006 hat/
1183 963 1323 1011 ſondern
1341 967 1408 1005 aus
1417 964 1503 1004 alten

542 1013 757 1049 Scribenten
767 1013 1063 1064 hergenommen/
1070 1017 1107 1058 ſo
1136 1017 1191 1058 ſoll
1200 1018 1300 1063 dieſer
1318 1014 1442 1060 Streit
1451 1010 1502 1053 ein

540 1066 637 1100 Ende
649 1066 767 1103 haben:
795 1065 870 1099 Dann
894 1068 945 1098 ein
962 1070 1079 1102 anders
1097 1070 1192 1119 iſts/
1212 1069 1436 1109 was
1299 1069 1355 1121 wir
1373 1064 1428 1117 von
1445 1068 1503 1107 der

539 1116 749 1161 Menſchheit
770 1117 895 1162 Chriſti
906 1118 1094 1160 bekennen/
1115 1122 1146 1168 ſo
1156 1121 1228 1168 fern
1243 1122 1285 1170 ſie
1296 1123 1329 1161 in
1341 1123 1428 1166 ihrer
1438 1131 1505 1162 na⸗

539 1167 740 1207 tuͤrlichen
755 1167 1063 1225 Selbſtaͤndigkeit
1089 1172 1264 1219 betrachtet
1272 1173 1372 1213 wird;
1382 1173 1433 1213 ein
1442 1182 1502 1213 an⸗

538 1223 637 1265 ders/
656 1222 711 1252 was
720 1221 782 1252 wir
800 1225 865 1252 von
880 1220 965 1263 ihrer
983 1219 1271 1272 perſoͤhnlichen
1287 1218 1502 1271 Selbſtaͤn⸗

536 1274 686 1306 digkeit
694 1272 907 1322 affirmiren/
903 1276 1049 1317 nemlich:
1063 1273 1193 1314 Wann
1200 1272 1265 1314 wir
1276 1271 1374 1323 ſagen
1385 1269 1502 1324 ſolten/

536 1322 601 1357 daß
617 1327 672 1353 der
683 1323 882 1365 menſclliche
889 1326 963 1364 Leib
974 1327 1122 1374 Chriſti/
1133 1334 1179 1375 der
1195 1320 1394 1377 natuͤrlichen
1410 1320 1497 1370 Selb⸗

536 1375 727 1418 ſtaͤndigkeit
740 1376 840 1422 nach/
843 1377 1118 1416 allgegenwaͤrtig
1128 1379 1218 1419 ſey/
1242 1378 1275 1421 ſo
1284 1373 1424 1418 wuͤrden
1434 1372 1496 1416 wir

535 1429 642 1461 damit
654 1426 702 1460 die
714 1424 882 1464 Naturen
890 1433 1138 1473 vermengen /
1149 1433 1219 1469 und
1230 1432 1278 1472 die
1294 1430 1425 1479 Perſon
1425 1432 1496 1476 zer⸗

532 1479 651 1523 ſtoͤren.
681 1475 820 1512 Aber/
845 1481 946 1523 wann
948 1473 1019 1530 wir
1022 1469 1141 1528 ſagen/
1158 1480 1208 1525 daß
1223 1477 1278 1521 die
1295 1478 1495 1529 menſchliche

533 1527 786 1576 NaturChriſti
796 1526 1070 1580 allgegenwaͤrtig
1079 1528 1128 1589 iſt
1124 1532 1377 1585 perſonaliter,
1383 1527 1447 1582 oder
1462 1527 1498 1578 in

532 1589 620 1628 ihrer
629 1582 866 1629 perſoͤhnlichen
875 1576 1174 1635 Selbſtaͤndigkeit;
1181 1585 1244 1640 das
1263 1587 1333 1634 iſt/
1362 1587 1429 1636 daß
1443 1585 1494 1626 die

535 1639 696 1674 Gottheit
704 1636 772 1668 und
785 1636 996 1681 Menſchheit
1005 1638 1035 1682 ſo
1046 1640 1224 1683 vereiniget
1233 1636 1321 1692 ſind/
1331 1633 1376 1693 daß
1401 1637 1441 1683 ſie
1450 1633 1491 1674 ei⸗

531 1698 575 1740 re
581 1689 851 1731 unzertrennliche
861 1688 993 1735 Perſon
1005 1692 1152 1733 machen;
1163 1693 1232 1730 und
1254 1690 1386 1746 dieſelbe
1400 1688 1490 1740 Per⸗

529 1745 577 1778 ſon
585 1742 718 1781 Chriſti
726 1741 763 1777 iſt
772 1738 1059 1782 allgegenwaͤrtig;
1070 1743 1104 1785 ſo
1117 1742 1244 1781 koͤnnen
1254 1743 1319 1781 wir
1326 1738 1407 1786 auch
1424 1733 1491 1778 wol

527 1797 654 1843 ſagen/
681 1795 748 1839 daß
758 1797 839 1842 auch
849 1795 901 1835 die
907 1795 1109 1849 menſchliche
1119 1797 1245 1844 Natur
1255 1799 1379 1852 Chriſti
1389 1799 1487 1847 allge⸗

527 1846 719 1900 genwaͤrtig
723 1847 795 1891 ſey/
797 1847 966 1890 alldieweil
976 1848 1015 1888 ſie
1023 1849 1185 1892 vereinigt
1201 1849 1235 1892 iſt
1244 1845 1415 1898 perſoͤnlich
1426 1842 1488 1884 mit

527 1901 587 1930 der
598 1899 768 1936 Goͤttheit/
778 1901 829 1931 die
840 1897 1116 1942 allgegenwaͤrtig
1127 1903 1179 1942 iſt.
1230 1902 1293 1942 Ob
1317 1909 1388 1941 nun
1398 1893 1489 1945 wohl

524 1950 607 2002 dieſe
615 1950 845 1998 Redens⸗Art
853 1953 959 1998 einem
967 1956 1036 1999 und
1049 1957 1176 2002 andern
1185 1956 1311 2004 moͤchte
1327 1950 1406 2004 hart
1412 1965 1486 2001 vor⸗

1322 2007 1484 2055 kommen;
