1439 2311
82 440 132 471 mit
148 440 230 475 ihrem
240 441 329 473 Vater
344 437 481 474 Zebedaͤo,
500 438 547 469 daß

83 472 114 509 ſie
123 474 179 508 ihre
188 477 263 509 Netze
272 473 384 509 ſlickten,
402 473 455 500 und
465 478 493 500 er
501 472 553 502 rief

82 511 171 541 ihnen.
202 512 280 541 Bald
298 509 428 542 verlieſſen
450 509 481 543 ſie
501 509 549 536 das

58 537 172 574 Schiff
186 543 231 572 und
244 544 317 573 ihren
327 541 426 572 Vater,
440 542 492 567 und
502 540 550 571 fol⸗

83 582 159 607 geten
177 580 230 610 ihm
241 578 312 610 nach.

85 628 217 669 Epiſtel
233 638 292 663 am
310 630 372 664 St.
386 627 550 668 Thomas

121 672 213 706 Tage,
226 672 318 701 Epheſ.
329 673 361 702 C.
377 681 398 698 1.
412 677 437 698 v.
450 671 514 701 3⸗6.

86 703 143 765 G

142 704 231 736 elobet
231 703 287 736 ſey
287 702 375 736 GOtt
375 701 435 736 und
435 701 485 736 der
485 701 555 736 Va⸗

142 736 214 766 ter
214 736 341 766 unſers
341 736 460 766 HErrn
460 736 552 766 JEſu

85 747 201 793 Chriſti,
210 772 254 804 der
262 774 315 803 uns
322 773 441 805 geſegnet
450 772 497 803 hat
505 770 554 801 mit

88 805 191 837 allerley
220 806 372 841 geiſtlichem
399 805 493 838 Segen
526 804 553 831 in

85 836 263 874 himmliſchen
281 840 390 879 Guͤtern,
402 840 470 879 durch
478 838 556 870 Chri⸗

89 870 171 906 ſtum,
190 874 239 904 wie
248 879 274 900 er
288 877 342 903 uns
355 877 421 902 denn
433 874 555 902 erwaͤhlet

86 910 134 937 hat
153 910 230 941 durch
249 908 431 942 denſelbigen,
450 911 496 940 ehe
511 909 555 934 der

88 943 166 973 Welt
181 942 284 974 Grund'
299 945 401 976 geleget
416 947 489 972 war,
507 942 554 972 daß

84 972 137 1004 wir
152 973 241 1007 ſollten
258 974 316 1007 ſeyn
336 979 415 1007 heilig
433 979 486 1000 und
509 981 556 998 un⸗

90 1007 195 1042 ſtraͤflich
203 1015 251 1039 vor
260 1007 315 1040 ihm
324 1010 352 1037 in
360 1013 405 1037 der
412 1011 493 1036 Liebe,
502 1010 556 1034 und

82 1043 137 1074 hat
145 1047 196 1074 uns
206 1045 343 1076 verordnet
354 1050 398 1076 zur
407 1044 557 1076 Kindſchaft

89 1087 172 1112 gegen
186 1083 240 1117 ihm
259 1084 347 1116 ſelbſt,
366 1083 443 1115 durch
452 1080 557 1116 JEſum

90 1115 194 1148 Chriſt,
212 1116 277 1146 nach
293 1116 350 1144 dem
362 1114 557 1146 Wohlgefallen

89 1148 172 1179 ſeines
189 1148 322 1180 Willens,
348 1152 376 1178 zu
393 1147 457 1176 Lobe
476 1148 558 1175 ſeiner

91 1176 246 1215 herrlichen
248 1181 355 1214 Gnade,
376 1181 453 1214 durch
466 1176 558 1214 welche

92 1228 121 1249 er
129 1227 180 1249 uns
192 1220 238 1249 hat
247 1218 393 1251 angenehm
401 1216 520 1258 gemacht
529 1216 557 1247 in

88 1256 149 1279 dem
165 1253 315 1279 Geliebten.

91 1284 328 1328 Evangelium
340 1279 399 1328 am
399 1279 461 1328 St.
477 1279 557 1329 Tho⸗

110 1337 169 1360 mas
180 1328 263 1360 Tage,
277 1331 332 1360 Joh.
350 1332 359 1360 C
373 1339 415 1360 20.
426 1339 443 1359 v.
447 1337 539 1362 24⸗31.

90 1364 140 1426 T

140 1370 235 1402 homas
246 1367 325 1399 aber,
341 1369 386 1397 der
394 1363 512 1401 Zwoͤlfen
527 1365 560 1395 ei⸗

140 1400 216 1425 ner,
231 1398 277 1421 der
289 1398 321 1421 da
321 1395 419 1430 heiſſet
433 1394 558 1430 Zwilling,

93 1439 149 1464 war
165 1434 235 1467 nicht
252 1434 298 1465 bey
309 1436 406 1467 ihnen,
424 1434 456 1462 da
467 1432 559 1466 JEſus

92 1470 160 1501 kam.
177 1470 224 1502 Da
235 1469 325 1501 ſagten
336 1468 377 1497 die
385 1470 481 1498 andern
489 1466 561 1503 Juͤn⸗

93 1510 140 1536 ger
158 1513 188 1538 zu
209 1507 289 1539 ihm:
329 1506 392 1539 Wir
410 1503 494 1537 haben
514 1505 561 1534 den

92 1540 193 1574 HErrn
203 1538 320 1575 geſehen.
350 1538 388 1569 Er
400 1537 461 1568 aber
475 1536 561 1571 ſprach

94 1580 125 1604 zu
137 1576 230 1607 ihnen:
244 1577 285 1607 Es
293 1575 333 1609 ſey
342 1574 420 1607 denn,
430 1575 479 1605 daß
487 1572 523 1606 ich
533 1574 561 1602 in

94 1605 182 1639 ſeinen
197 1605 311 1644 Haͤnden
327 1606 383 1639 ſehe
407 1606 448 1635 die
462 1604 561 1638 Naͤgel⸗

95 1645 184 1674 maal,
202 1639 238 1676 und
258 1643 320 1677 lege
332 1643 419 1673 meine
426 1640 521 1674 Finger
535 1641 561 1670 in

94 1677 136 1705 die
154 1674 337 1709 Naͤgelmaal,
359 1674 417 1703 und
429 1675 486 1705 lege
500 1671 563 1703 mei⸗

96 1719 128 1741 ne
149 1713 230 1745 Hand
234 1711 261 1743 in
304 1712 371 1745 ſeine
387 1711 489 1744 Seite,
511 1711 562 1741 will

93 1743 150 1775 ichs
172 1745 242 1778 nicht
265 1741 390 1777 glaͤuben.
427 1743 485 1773 Und
501 1742 563 1771 uͤber

96 1780 155 1811 acht
169 1780 245 1812 Tage
259 1784 347 1808 waren
362 1777 478 1809 abermal
494 1777 564 1809 ſeine

96 1812 204 1850 Juͤnger
215 1811 361 1845 darinnen,
381 1813 434 1840 und
443 1809 563 1844 Thomas

96 1851 147 1879 mit
159 1850 256 1881 ihnen,
274 1850 373 1880 kommt
391 1848 505 1883 JEſus,
531 1848 563 1878 da

94 1882 137 1912 die
155 1880 268 1915 Thuͤren
279 1880 440 1915 verſchloſſen
457 1884 563 1911 waren,

96 1917 150 1945 und
166 1919 212 1947 trit
223 1916 318 1948 mitten
329 1915 381 1945 ein,
392 1915 445 1945 und
456 1912 563 1947 ſpricht:

97 1951 189 1980 Friede
204 1949 245 1983 ſey
260 1954 311 1978 mit
328 1948 410 1980 euch!
437 1944 566 1978 Darnach

95 1976 196 2015 ſpricht
209 1986 236 2007 er
271 1978 304 2015 zu
305 1978 435 2011 Thoma:
470 1980 565 2010 Reiche

97 2015 173 2047 deine
191 2016 287 2049 Finger
312 2016 385 2048 her,
421 2015 475 2042 und
501 2014 566 2046 ſiehe

97 2049 184 2080 meine
199 2044 305 2085 Haͤnde,
328 2049 383 2078 und
400 2047 481 2082 reiche
492 2048 567 2078 deine

97 2086 178 2124 Hand
188 2088 252 2124 her,
271 2086 324 2119 und
340 2086 395 2121 lege
403 2083 436 2122 ſie
450 2083 473 2119 in
475 2083 567 2119 meine

586 437 693 470 Seite,
722 437 774 466 und
795 436 833 468 ſen
854 435 918 463 nicht
941 432 1055 463 unalaͤu⸗

586 477 648 510 big,
671 475 777 506 ſondern
794 476 911 505 glaͤubig.
933 475 1055 504 Thomas

587 515 751 539 antwortete,
773 512 821 537 und
842 510 924 539 ſprach
935 506 973 536 zu
981 511 1052 536 ihm:

587 550 664 576 Mein
682 548 778 576 HErr,
798 547 850 573 und
867 552 935 573 mein
955 546 1054 574 GOtt!

586 566 701 613 Spricht
717 575 796 603 JEſus
813 572 847 604 zu
847 572 924 602 ihm:
942 569 1057 602 Dieweil

587 616 619 641 du
633 614 697 643 mich
709 607 813 643 geſehen
825 610 885 641 haſt,
898 609 1017 642 Thoma!
1031 610 1056 639 ſo

588 647 700 681 glaͤubeſt
710 651 754 677 du.
775 646 858 677 Selig
871 646 931 676 ſind,
944 648 976 673 die
986 644 1057 673 nicht

594 681 661 711 ſehen
677 684 730 709 und
747 682 807 709 doch
824 679 935 708 glauben.
983 678 1055 709 Auch

589 713 639 742 viel
657 715 749 742 andere
766 711 871 741 Zeichen
888 710 946 742 thaͤt
962 708 1055 743 JEſus

589 757 636 778 vor
646 748 730 779 ſeinen
740 747 875 782 Juͤngern,
886 748 925 775 die
936 748 1004 775 nicht
1016 752 1058 778 ge⸗

590 784 716 816 ſchrieben
736 784 788 817 ſind
814 790 839 811 in
857 782 948 814 dieſem
967 783 1056 811 Buch.

591 820 671 852 Dieſe
680 821 740 848 aber
752 818 803 850 ſind
814 817 988 849 geſchrieben,
1008 817 1057 848 daß

592 857 633 889 ihr
649 856 774 885 glaͤubet,
794 855 886 887 JEſus
906 854 945 883 ſey
961 853 1058 884 Chriſt,

592 893 635 919 der
658 890 725 919 Sohn
736 886 870 918 GOttes,
885 888 937 914 und
954 888 999 917 daß
1016 888 1060 916 ihr

592 925 669 955 durch
691 927 739 953 den
763 924 886 953 Glauben
910 925 957 952 das
980 920 1061 958 Leben

593 958 656 989 habt
672 956 698 985 in
711 955 802 985 ſeinem
815 955 929 985 Namen.

592 995 723 1043 Epiſtel
740 1005 796 1029 am
812 1006 909 1037 Tage
919 1001 1060 1033 Johan⸗

595 1050 656 1076 nis
665 1047 711 1075 des
721 1044 834 1078 Apoſtels
843 1045 896 1073 und
905 1034 1051 1077 Evangeli⸗

660 1080 728 1115 ſten,
739 1084 786 1115 Sir.
814 1085 828 1115 C.
843 1089 881 1116 15.
889 1083 919 1115 v.
928 1085 995 1114 1⸗8.

595 1124 665 1176 W

670 1129 696 1149 er
705 1121 786 1151 GOtt
797 1116 924 1154 fuͤrchtet,
940 1118 982 1149 der
994 1117 1059 1148 wird

675 1150 751 1178 Guts
760 1151 840 1177 thun,
849 1151 901 1176 und
910 1150 961 1173 wer
969 1148 1015 1174 ſich
1025 1150 1061 1172 an

595 1190 707 1218 GOttes
716 1188 798 1217 Wort
806 1185 869 1218 haͤlt,
879 1188 917 1215 der
932 1185 1012 1216 ſindet
1022 1183 1063 1214 die

594 1220 739 1253 Weisheit.
764 1222 821 1248 Und
840 1220 865 1250 ſie
885 1223 947 1247 wird
960 1222 1012 1249 ihm
1022 1218 1064 1244 be⸗

594 1262 714 1288 gegnen,
732 1255 780 1285 wie
796 1256 854 1285 eine
862 1257 989 1288 Mutter,
1007 1254 1062 1284 und

595 1283 658 1316 wird
671 1287 715 1318 ihn
726 1285 872 1318 empfahen,
883 1293 930 1312 wie
939 1294 993 1311 eine
1004 1289 1065 1314 jun⸗

596 1332 626 1359 ge
647 1323 735 1353 Braut.
759 1324 812 1352 Sie
828 1325 892 1351 wird
905 1324 949 1351 ihn
969 1323 1064 1354 ſpeiſen

596 1365 645 1388 mit
654 1359 745 1389 Brodt
760 1361 803 1387 des
814 1358 990 1389 Verſtandes,
1009 1358 1066 1386 und

595 1394 659 1422 wird
675 1397 719 1427 ihn
731 1390 836 1423 traͤnken
858 1400 902 1423 mit
918 1390 1008 1430 Waſſer
1021 1395 1065 1421 der

597 1429 739 1461 Weisheit.
758 1428 885 1460 Dadurch
894 1431 958 1456 wird
967 1436 994 1456 er
1002 1427 1067 1458 ſtark

597 1463 719 1493 werden,
736 1464 783 1491 daß
793 1470 818 1494 er
830 1464 878 1494 veſt
888 1463 968 1494 ſtehen
981 1463 1065 1491 kann;

598 1500 650 1528 und
660 1500 723 1527 wird
736 1498 782 1528 ſich
794 1504 827 1525 an
841 1495 872 1527 ſie
891 1498 1005 1529 halten,
997 1491 1064 1530 daß

597 1540 625 1561 er
636 1531 705 1562 nicht
723 1537 752 1564 zu
762 1525 906 1561 Schanden
914 1528 989 1558 wird.
1011 1528 1068 1559 Sie

598 1565 661 1594 wird
680 1564 726 1595 ihn
751 1565 863 1597 erhoͤhen
890 1563 954 1593 uͤber
979 1561 1066 1595 ſeinen

598 1600 741 1632 Naͤchſten;
761 1603 813 1631 und
827 1599 890 1629 wird
907 1600 960 1630 ihm
979 1598 1067 1631 ſeinen

597 1638 686 1667 Mund
700 1635 812 1667 aufthun
830 1634 858 1664 in
873 1636 917 1664 der
926 1631 1067 1664 Gemeine.

599 1671 653 1700 Sie
663 1671 724 1698 wird
736 1672 781 1700 ihn
798 1666 894 1699 kroͤnen
918 1673 959 1696 mit
977 1667 1069 1701 Freude

599 1707 651 1733 und
668 1705 793 1735 Wonne,
819 1704 872 1730 und
893 1704 943 1730 mit
959 1701 1067 1733 ewigem

599 1741 705 1769 Namen
719 1734 843 1775 begaben.
864 1738 932 1768 Aber
948 1740 988 1766 die
996 1738 1071 1767 Nar⸗

600 1779 643 1801 ren
652 1771 737 1804 finden
746 1777 777 1800 ſie
786 1769 864 1802 nicht,
875 1770 928 1798 und
938 1770 978 1797 die
988 1771 1071 1799 Gott⸗

599 1808 667 1836 loſen
683 1805 783 1835 koͤnnen
802 1805 834 1839 ſie
856 1804 926 1836 nicht
947 1803 1069 1837 erſehen:

600 1840 681 1870 Denn
698 1840 729 1873 ſie
747 1840 773 1870 iſt
791 1839 862 1871 ferne
877 1843 928 1867 von
940 1838 989 1866 den
1000 1840 1070 1872 Hof⸗

601 1873 738 1906 faͤrtigen,
757 1878 809 1901 und
820 1874 860 1902 die
870 1872 999 1906 Heuchler
1014 1872 1072 1905 wiſ⸗

600 1908 641 1940 ſen
656 1906 743 1940 nichts
757 1914 809 1937 von
828 1906 878 1938 ihr.

605 1945 838 1980 Evangelium
876 1951 934 1979 am
970 1942 1070 1984 Tage

601 1976 741 2020 Johannis
756 1986 795 2016 des
811 1982 913 2018 Aponels
930 1986 960 2021 u.
952 1986 1073 2015 Evange⸗

638 2023 719 2053 liſten,
728 2021 795 2055 Joh.
821 2020 847 2055 C.
850 2028 892 2050 21.
903 2027 927 2050 v.
938 2027 1039 2051 15⸗24.

603 2055 662 2118 D

662 2055 679 2092 a
699 2055 731 2088 ſie
747 2060 803 2083 nun
822 2058 870 2083 das
890 2057 971 2085 Mahl
984 2051 1072 2084 gehal⸗

675 2098 719 2126 ten
719 2089 833 2135 hatten,
842 2090 943 2135 ſpricht
957 2091 1032 2128 JEſus
1041 2097 1072 2124 zu
