1459 2316
296 325 364 368 mit
377 319 639 375 nothwendigen
647 316 930 370 Anmerckungen.

1048 324 1123 356 112

240 412 323 457 Und
336 416 368 463 ſo
379 423 418 454 es
427 412 518 461 Jhm
527 417 614 453 etwa
626 420 671 450 an
680 412 734 452 der
745 407 1005 459 Auffrichtigkeit
1015 415 1046 446 in
1064 408 1123 451 der

244 465 405 518 Pruͤfung
415 466 520 515 fehlen
528 462 646 514 ſolte/
644 472 725 512 mag
735 467 789 505 der
797 450 1016 511 vernuͤnfftige
1033 459 1120 510 Leſer

241 517 494 567 Seinetwegen
517 514 655 565 zugleich
676 516 752 557 eine
781 508 948 567 Pruͤfung
975 516 1038 554 mit
1059 521 1123 554 an⸗

243 575 361 611 ſtellen.
379 574 429 611 (1)

180 625 289 667 Nnm.
310 622 361 674 23.
380 614 446 674 ſetzt
446 611 500 673 Er
518 608 654 676 ferner:
658 613 731 667 Es
747 613 834 673 ſind
853 613 895 671 ja
918 611 1044 662 Leute
1060 619 1127 673 ge⸗

240 663 352 737 nug/
370 664 429 722 die
451 673 668 730 allerhand
688 673 816 730 groſſe
831 671 980 729 Dinge
995 683 1121 729 anzu⸗

249 724 372 792 geben
385 734 494 787 auch
513 728 778 790 anzufangen
791 731 967 790 wiſſen/
987 735 1046 776 die
1066 744 1125 776 im

238 783 443 852 Anfange
452 794 559 847 einen
580 784 870 853 geſchwinden/
894 791 984 836 und
995 794 1125 837 denen

1084 881 1131 927 ſo

186 951 241 983 der
251 941 318 988 Herr
331 940 467 992 Pfarherr
477 943 503 986 ſo
512 948 580 985 gern
588 941 693 986 pruͤfet;
716 942 740 985 ſo
749 942 803 975 will
820 941 857 980 ich
867 938 923 977 ihm
939 942 1004 978 auch
1019 950 1081 973 was
1093 954 1128 981 zu

186 990 302 1034 pruͤffen
311 985 422 1032 geben/
428 989 546 1029 nemlich
559 984 616 1028 ob/
624 993 657 1021 da
665 992 709 1020 der
716 988 791 1023 Herr
802 985 996 1030 Thomaſius/
995 993 1050 1016 von
1066 995 1129 1018 dem

187 1041 224 1067 er
238 1033 280 1071 hie
287 1022 348 1077 doch
360 1025 439 1076 ſelbſt
447 1028 595 1072 geſtehet/
600 1029 655 1068 daß
665 1037 693 1059 er
699 1024 756 1060 von
765 1027 853 1061 GOtt
865 1027 981 1066 begabet
990 1032 1031 1065 ſey
1049 1037 1129 1064 durch

187 1076 408 1122 Speculationes
425 1083 464 1112 die
472 1078 637 1119 Warheit
610 1074 638 1123 zu
653 1071 766 1122 forſchen
779 1073 837 1121 ſich
838 1073 954 1110 dennoch
968 1076 1070 1113 pruͤfen
1079 1080 1134 1114 ſol-

196 1126 237 1160 le/
256 1126 290 1158 ob
311 1125 361 1160 ihn
380 1123 452 1159 nicht
466 1123 525 1165 ſein
538 1118 657 1153 ſtudium
677 1116 834 1160 ſpeculandi
861 1117 937 1158 ſchon
961 1119 1048 1158 laͤngſt
1067 1126 1131 1157 zum

196 1160 366 1205 ſcepticiſmo
384 1161 479 1196 ſubtili
493 1162 617 1196 verleitet
624 1158 709 1202 habe/
726 1167 810 1191 mann
822 1163 892 1190 denn
906 1164 977 1195 nicht
988 1166 1134 1201 ebenfals/

193 1215 280 1243 wenn
296 1213 362 1240 man
370 1207 453 1246 gleich
474 1203 610 1250 zugaͤbe/
622 1205 674 1245 daß
688 1203 729 1236 die
736 1205 845 1245 jenigen
862 1208 1074 1243 Reformatores
1089 1215 1132 1234 die

197 1253 246 1284 der
261 1249 316 1290 Hr.
322 1239 460 1290 Pfarherr
468 1250 593 1292 meynt/
593 1251 652 1279 von
662 1248 749 1280 GOtt
757 1248 854 1285 begabt
862 1250 925 1284 ſeyn
943 1255 995 1274 das
1007 1257 1135 1283 verfalle⸗

194 1301 234 1329 ne
244 1291 448 1334 Chriſtenthum
460 1296 557 1325 wieder
570 1291 773 1333 aufzurichten/
783 1289 816 1329 ſie
832 1299 959 1320 erinnern
961 1302 1071 1335 koͤnne/
1075 1304 1132 1342 und

198 1339 234 1378 ſie
244 1339 290 1379 ſich
298 1336 400 1382 pruͤfen
410 1335 526 1381 ſolten/
534 1335 573 1369 ob
582 1336 615 1376 ſie
630 1336 703 1375 nicht
714 1343 744 1368 in
752 1337 906 1373 lebendiger
915 1338 1070 1372 Erkaͤntniß
1083 1359 1133 1379 der

173 1382 332 1421 Warheit
339 1379 432 1423 zuruͤck
439 1380 525 1423 gehen
532 1384 587 1415 und
596 1389 626 1414 in
634 1380 732 1411 ſubtile
741 1380 917 1419 Verſuchung
932 1388 979 1407 von
987 1386 1134 1415 allerhand

196 1425 293 1466 Luͤſten
301 1423 450 1466 ſonderlich
459 1428 510 1457 den
520 1424 641 1464 Ehrgeitz
651 1424 743 1462 fallen.
765 1424 826 1453 Und
843 1429 922 1449 wenn
938 1429 982 1450 der
998 1432 1045 1463 Hr.
1049 1432 1134 1458 Pfar⸗

198 1466 266 1505 herr
274 1468 321 1510 ſich
329 1476 386 1501 nun
395 1472 461 1498 wird
469 1468 584 1499 daruͤbet
593 1473 682 1505 genug
692 1467 820 1503 gepruͤfet
833 1467 944 1499 haben/
958 1472 984 1498 ſo
992 1473 1069 1511 frage
1084 1477 1139 1520 ich/

198 1515 311 1546 warum
318 1521 346 1544 er
362 1516 414 1544 den
420 1515 480 1544 dem
501 1512 546 1550 Hn.
568 1507 702 1555 Thomaſio
716 1513 743 1550 ſo
757 1510 820 1545 hoch
829 1517 1029 1554 aufgemutzet/
1046 1530 1102 1555 daß
1108 1525 1138 1564 er

203 1556 237 1590 §.
248 1556 286 1593 19.
297 1556 340 1586 die
356 1553 577 1595 rechtſchaffenen
590 1552 712 1590 Knechte
737 1553 850 1585 Gottes
873 1554 947 1585 nicht
968 1563 1138 1597 ausgenom⸗

199 1599 288 1627 men?

242 1633 268 1674 1)
282 1635 330 1671 An
338 1632 447 1671 Seiten
458 1638 508 1667 des
525 1634 573 1676 Hn.
580 1631 720 1668 Thomaſii
733 1632 794 1667 will
800 1635 837 1669 ich
857 1641 901 1665 dem
911 1636 982 1671 Leſer
990 1646 1033 1684 die
1043 1645 1139 1692 Muͤhe

202 1669 379 1717 uͤberheben/
390 1677 454 1705 weil
461 1677 499 1709 ich
507 1677 581 1710 ſelbſt
587 1678 687 1710 geſtehe
696 1682 747 1725 daß
756 1684 801 1722 der
808 1687 885 1730 Herr
891 1687 1055 1727 Thomaſius
1063 1695 1142 1740 ſchon

209 1722 291 1760 lange
306 1716 378 1762 nicht
397 1720 464 1756 mehr
474 1720 535 1761 ſein
545 1721 656 1755 Gehirn
668 1727 755 1761 denen
777 1728 883 1755 Herren
897 1732 1142 1772 Gottesgelehrten

202 1762 363 1803 verpachtet
374 1763 457 1799 habe.
490 1762 593 1796 Wenn
604 1765 667 1793 aber
681 1772 725 1794 der
736 1769 811 1799 Leſer
820 1774 885 1791 dem
894 1775 959 1815 Hn.
981 1774 1144 1818 Pfarherrn

205 1809 293 1843 wolte
306 1807 353 1837 ein
361 1804 465 1846 bisgen
475 1803 580 1848 pruͤfen
592 1804 722 1848 helffen/
736 1813 829 1837 wuͤrde
837 1815 971 1840 vielleicht
983 1823 1030 1857 die
1041 1821 1140 1854 Arbeit

205 1849 349 1891 nuͤtzlicher
361 1843 438 1890 ſeyn/
443 1848 505 1880 weil
512 1849 551 1884 ich
560 1845 686 1886 fuͤrchte/
693 1854 748 1885 daß
756 1859 786 1877 es
794 1859 856 1894 dem
861 1860 921 1894 Hn.
929 1862 1088 1903 Pfarherrn
1096 1865 1142 1903 hie

203 1898 262 1932 wie
266 1902 358 1930 einem
365 1896 411 1928 der
422 1894 462 1928 die
462 1889 632 1934 Gelbeſucht
636 1892 690 1931 hat
694 1897 782 1931 gehen
788 1902 890 1927 werde.

1017 1967 1062 2007 m)
1070 1970 1142 2012 Hier
