1925 2741
307 536 400 582 „ſere
415 532 535 580 Kraft,
562 531 624 570 wie
644 530 751 578 unſere
768 525 968 576 Schwaͤche,
990 537 1058 565 war
1072 529 1131 565 den
1148 524 1258 571 Nach⸗

309 593 419 630 „barn
433 588 612 630 unbekannt
633 590 707 626 oder
731 582 950 633 gleichguͤltig.
1017 579 1103 631 Jetzt
1124 583 1179 632 hat
1201 580 1257 627 ſich

311 649 419 686 „alles
444 647 542 692 außer
563 651 626 682 uns
648 640 834 688 veraͤndert;
879 640 953 679 aber
984 650 1044 678 nur
1069 640 1129 677 wir
1154 638 1255 687 haben

311 706 448 752 „unſere
462 699 584 751 Kraͤfte
599 702 673 748 noch
692 701 774 747 nicht
791 700 941 738 erkennen
956 701 1020 736 und
1035 696 1187 741 brauchen
1203 703 1256 741 ge⸗

313 764 437 801 „lernt.
494 758 638 808 Herzlich
653 756 781 806 wuͤnſch'
798 756 865 803 ich,
899 757 962 802 daß
984 757 1085 793 meine
1101 753 1257 801 Ahndun⸗

313 828 404 863 „gen
430 817 510 862 mich
532 812 683 861 betruͤgen
708 812 842 859 moͤgen:
883 810 959 849 aber
982 810 1027 853 ich
1055 807 1170 856 fuͤrchte
1198 815 1257 853 gar

312 875 432 923 „ſehr,
460 875 525 921 daß
538 872 627 920 unſer
640 871 828 912 Vaterland
842 869 912 908 eine
920 870 1032 910 Beute
1045 868 1141 914 ſeiner
1155 863 1261 910 maͤch⸗

314 933 433 979 „tigen
450 929 625 977 Nachbarn
641 932 764 968 werden
781 929 875 968 wird.
928 926 1087 974 Rußland
1108 925 1187 963 wird
1202 924 1260 963 Lit⸗

315 989 462 1037 „thauen
478 992 542 1026 und
559 990 609 1026 die
626 985 764 1027 Ukraine
788 982 1020 1031 verſchlingen,
1050 982 1083 1028 ja
1104 980 1161 1029 ſich
1182 979 1262 1018 viel⸗

314 1049 437 1094 „leicht
464 1058 524 1093 gar
549 1046 603 1085 bis
630 1057 674 1084 an
696 1048 748 1086 die
773 1043 929 1091 Weichſel
958 1040 1161 1087 ausbreiten;
1207 1043 1263 1077 der

318 1103 519 1154 „Churfuͤrſt
532 1114 595 1140 von
614 1099 859 1148 Brandenburg
880 1098 961 1137 wird
983 1098 1046 1144 ſein
1063 1093 1264 1144 Augenmerk

317 1160 408 1207 „auf
416 1158 607 1208 Großpolen
622 1155 759 1202 richten,
799 1165 853 1193 um
870 1154 922 1192 ein
931 1149 1181 1201 unabhaͤngiges
1195 1149 1265 1190 Koͤ⸗

321 1212 493 1265 „nigreich
502 1227 539 1265 zu
554 1215 720 1263 gruͤnden;
729 1213 787 1265 und
804 1218 865 1253 das
875 1212 973 1262 Haus
982 1209 1172 1259 Oeſterreich
1185 1212 1268 1248 wird

321 1276 434 1316 „eben
446 1277 474 1323 ſo
492 1276 596 1323 wenig
611 1275 690 1321 ſtille
704 1274 808 1322 ſitzen,
846 1272 975 1318 ſondern
991 1268 1164 1317 gleichfalls
1183 1267 1267 1308 Ero⸗

322 1334 509 1381 „berungen
524 1342 563 1380 zu
579 1331 706 1377 machen
720 1331 867 1377 ſuchen.“
919 1331 1011 1370 Man
1028 1330 1097 1376 ſolle
1120 1329 1190 1375 ihm
1212 1330 1269 1363 da⸗

324 1392 380 1441 her
401 1392 473 1436 noch
496 1390 554 1436 bey
576 1391 692 1437 ſeinem
704 1387 795 1427 Leben
820 1387 910 1426 einen
924 1384 1119 1433 Nachſolger
1144 1383 1272 1429 beſtim⸗

323 1458 409 1494 men,
435 1439 528 1493 durch
543 1444 675 1490 welchen
691 1444 797 1492 Polen
813 1451 910 1488 gegen
927 1442 1033 1479 innere
1049 1439 1203 1488 Unruhen
1218 1446 1272 1483 ge⸗

326 1506 430 1556 ſichert
454 1508 520 1543 und
545 1513 647 1550 gegen
681 1499 798 1551 aͤußere
824 1501 946 1548 Feinde
982 1498 1123 1547 geſchuͤtzt
1158 1500 1275 1536 werde.

325 1557 421 1606 Dieß
446 1556 543 1593 koͤnne
563 1559 639 1592 aber
664 1553 758 1597 durch
775 1554 883 1589 keinen
899 1547 1122 1595 benachbarten
1140 1545 1274 1592 Fuͤrſten

329 1619 511 1669 geſchehen,
545 1622 599 1658 der
619 1619 695 1665 ſtets
719 1615 853 1661 trachten
876 1617 999 1661 werde,
1031 1617 1091 1653 das
1116 1613 1216 1658 Reich
1239 1612 1278 1648 in

327 1678 399 1717 eine
412 1677 555 1725 Provinz
571 1676 669 1722 ſeiner
684 1673 877 1723 Erbſtaaten
888 1680 926 1718 zu
949 1671 1172 1717 verwandeln;
1205 1669 1276 1715 ſon⸗

330 1737 405 1773 dern
419 1734 516 1780 durch
530 1733 620 1770 einen
627 1731 772 1778 Prinzen
788 1729 872 1767 einer
887 1728 1063 1775 entfernten
1079 1722 1277 1772 furchtbaren

332 1791 476 1839 Macht,
515 1792 566 1830 die
588 1787 734 1836 Achtung
765 1785 887 1833 gebiete
915 1790 980 1823 und
1010 1786 1061 1823 ein
1090 1780 1281 1832 ſchuͤtzendes

333 1846 499 1897 Buͤndniß
523 1844 683 1896 gewaͤhre.
704 1864 761 1875 —
790 1845 864 1885 Die
883 1845 991 1893 Polen
1014 1840 1088 1879 aber
1116 1837 1282 1886 glaubten,

333 1889 428 1938 wenn
444 1901 482 1949 ſie
500 1900 590 1949 ihren
606 1895 725 1938 Saͤbel
745 1892 863 1942 zoͤgen,
908 1892 1017 1942 muͤßte
1040 1893 1092 1932 die
1106 1893 1202 1932 Welt
1223 1891 1280 1938 zit⸗

336 1970 431 2007 tern;
480 1965 545 2000 und
572 1965 625 2002 die
653 1958 871 2007 Geiſtlichkeit
902 1957 989 2006 hatte
1026 1966 1088 1993 nur
1120 1951 1198 1994 eine
1223 1953 1282 2000 fixe

335 2016 427 2065 Jdee
443 2036 499 2046 —
517 2012 829 2066 Ketzerverfolgung.
898 2014 973 2052 Der
994 2010 1171 2056 Reichstag
1195 2010 1283 2047 ward

337 2073 482 2123 zerriſſen
506 2078 570 2113 und
593 2075 648 2111 der
664 2071 798 2112 Saame
819 2073 877 2110 des
901 2063 1185 2114 Misvergnuͤgens
1207 2063 1283 2109 auch

340 2130 402 2176 bey
413 2134 469 2174 der
483 2128 601 2169 Armee
624 2125 841 2175 ausgeſtreut.
895 2126 962 2167 Um
975 2129 1031 2164 der
1045 2123 1196 2164 Denkart
1216 2123 1285 2160 eine

339 2192 453 2233 andere
472 2189 642 2239 Richtung
660 2193 699 2233 zu
718 2182 841 2233 geben,
891 2183 973 2232 ging
993 2185 1049 2222 der
1070 2179 1183 2229 Koͤnig
1202 2179 1282 2226 nach
