<?xml version="1.0"?>
<PcGts xmlns="http://schema.primaresearch.org/PAGE/gts/pagecontent/2019-07-15" xmlns:xsi="http://www.w3.org/2001/XMLSchema-instance" pcGtsId="PAGE_01" xsi:schemaLocation="http://schema.primaresearch.org/PAGE/gts/pagecontent/2019-07-15 http://schema.primaresearch.org/PAGE/gts/pagecontent/2019-07-15/pagecontent.xsd">
  <Metadata>
    <Creator>OCR-D DFG Phase III</Creator>
    <Created>2024-01-19T13:09:08Z</Created>
    <LastChange>2024-01-19T13:09:08Z</LastChange>
    <Comments>ODEM: OCR-D extension for mass digitization (2021-2024)</Comments>
  </Metadata>
  <Page imageFilename="https://opendata.uni-halle.de/retrieve/83612a4c-e633-4239-b577-18cbee669d5b/00000244.jpg" imageWidth="1490" imageHeight="2253" type="content" primaryLanguage="German">
    <Border>
      <Coords points="226,215 215,2109 1408,2115 1407,228"/>
    </Border>
    <ReadingOrder>
      <OrderedGroup id="ro_1655189701541" caption="Regions reading order">
        <RegionRefIndexed index="0" regionRef="TextRegion_1655189381108_346"/>
        <RegionRefIndexed index="1" regionRef="TextRegion_1655189385837_355"/>
        <RegionRefIndexed index="2" regionRef="TextRegion_1655189385837_354"/>
      </OrderedGroup>
    </ReadingOrder>
    <TextRegion orientation="-0.7056123" readingDirection="left-to-right" id="TextRegion_1655189381108_346" custom="readingOrder {index:0;}">
      <Coords points="468,468 1273,468 1273,1789 468,1789"/>
      <TextLine id="region0001_line0001" custom="readingOrder {index:0;}">
        <Coords points="1097,472 1093,475 1070,475 1050,481 983,472 948,479 913,479 901,477 890,471 849,473 845,470 823,471 813,477 707,476 608,472 606,469 589,469 587,472 549,468 542,471 469,471 469,508 520,508 551,513 628,516 695,516 730,520 763,517 785,519 797,515 812,515 865,519 871,523 901,516 924,516 938,520 962,520 972,525 983,520 1086,523 1091,520 1119,520 1126,523 1196,525 1216,521 1221,526 1227,526 1246,523 1272,523 1273,484 1232,482 1226,476 1197,476 1180,482 1160,482 1154,475 1145,474 1138,478"/>
        <Baseline points="469,498 726,508 1272,514"/>
        <Word id="region0001_line0001_word0000" custom="readingOrder {index:0;}">
          <Coords points="497,472 638,474 638,507 497,505"/>
          <TextEquiv conf="0.92477334">
            <Unicode>ver&#x17F;endet</Unicode>
          </TextEquiv>
        </Word>
        <Word id="region0001_line0001_word0001" custom="readingOrder {index:1;}">
          <Coords points="658,481 749,483 748,514 657,512"/>
          <TextEquiv conf="0.93229234">
            <Unicode>man,</Unicode>
          </TextEquiv>
        </Word>
        <Word id="region0001_line0001_word0002" custom="readingOrder {index:2;}">
          <Coords points="780,508 843,509 843,477 814,477 813,477 780,477"/>
          <TextEquiv conf="0.9255779">
            <Unicode>weil</Unicode>
          </TextEquiv>
        </Word>
        <Word id="region0001_line0001_word0003" custom="readingOrder {index:3;}">
          <Coords points="874,478 906,478 905,515 873,515"/>
          <TextEquiv conf="0.9320434">
            <Unicode>&#x17F;ie</Unicode>
          </TextEquiv>
        </Word>
        <Word id="region0001_line0001_word0004" custom="readingOrder {index:4;}">
          <Coords points="929,479 985,479 984,517 928,517"/>
          <TextEquiv conf="0.93214446">
            <Unicode>auf</Unicode>
          </TextEquiv>
        </Word>
        <Word id="region0001_line0001_word0005" custom="readingOrder {index:5;}">
          <Coords points="1010,483 1062,483 1061,512 1010,512"/>
          <TextEquiv conf="0.9329207">
            <Unicode>den</Unicode>
          </TextEquiv>
        </Word>
        <Word id="region0001_line0001_word0006" custom="readingOrder {index:6;}">
          <Coords points="1085,479 1084,518 1268,520 1268,483 1232,482 1230,480 1185,480 1180,482 1160,482 1158,479"/>
          <TextEquiv conf="0.9266892">
            <Unicode>Guben&#x17F;chen</Unicode>
          </TextEquiv>
        </Word>
        <TextEquiv conf="0.92949164">
          <Unicode>ver&#x17F;endet man, weil &#x17F;ie auf den Guben&#x17F;chen</Unicode>
        </TextEquiv>
      </TextLine>
      <TextLine id="region0001_line0002" custom="readingOrder {index:1;}">
        <Coords points="486,508 468,509 469,555 542,554 560,560 573,560 603,556 640,558 654,555 660,558 701,562 707,566 724,562 762,561 795,565 802,560 905,561 917,567 942,562 1013,566 1030,564 1046,567 1080,568 1088,576 1094,575 1102,568 1117,572 1126,566 1200,568 1205,573 1223,567 1238,569 1247,573 1258,569 1273,569 1272,524 1266,523 1227,527 1221,527 1216,522 1167,527 1131,525 1119,521 1091,521 1086,524 1064,525 983,521 972,526 924,517 901,517 895,521 871,524 860,521 818,520 812,516 797,516 787,520 763,518 730,521 569,516 534,510"/>
        <Baseline points="469,543 1273,559"/>
        <Word id="region0001_line0002_word0000" custom="readingOrder {index:0;}">
          <Coords points="613,520 495,518 495,554 542,554 547,555 597,556 603,556 613,556"/>
          <TextEquiv conf="0.9224232">
            <Unicode>Bergen</Unicode>
          </TextEquiv>
        </Word>
        <Word id="region0001_line0002_word0001" custom="readingOrder {index:1;}">
          <Coords points="637,526 683,527 683,551 637,550"/>
          <TextEquiv conf="0.9311052">
            <Unicode>am</Unicode>
          </TextEquiv>
        </Word>
        <Word id="region0001_line0002_word0002" custom="readingOrder {index:2;}">
          <Coords points="846,523 708,521 708,561 742,561 762,561 769,561 798,562 802,560 846,560"/>
          <TextEquiv conf="0.92184365">
            <Unicode>zeitig&#x17F;ten</Unicode>
          </TextEquiv>
        </Word>
        <Word id="region0001_line0002_word0003" custom="readingOrder {index:3;}">
          <Coords points="870,559 926,560 926,522 892,521 871,524 870,524"/>
          <TextEquiv conf="0.93179274">
            <Unicode>reif</Unicode>
          </TextEquiv>
        </Word>
        <Word id="region0001_line0002_word0004" custom="readingOrder {index:4;}">
          <Coords points="944,526 1000,527 1000,556 944,555"/>
          <TextEquiv conf="0.9294643">
            <Unicode>und</Unicode>
          </TextEquiv>
        </Word>
        <Word id="region0001_line0002_word0005" custom="readingOrder {index:5;}">
          <Coords points="1024,533 1071,534 1071,558 1024,557"/>
          <TextEquiv conf="0.9291665">
            <Unicode>am</Unicode>
          </TextEquiv>
        </Word>
        <Word id="region0001_line0002_word0006" custom="readingOrder {index:6;}">
          <Coords points="1089,525 1089,570 1100,570 1102,568 1110,570 1119,570 1126,566 1200,568 1203,571 1210,571 1223,567 1238,569 1244,572 1250,572 1258,569 1268,569 1268,527 1231,527 1227,527 1221,527 1220,526 1177,526 1167,527 1142,526"/>
          <TextEquiv>
            <Unicode>&#x17F;chmackhaf&#x2E17;</Unicode>
          </TextEquiv>
        </Word>
        <TextEquiv>
          <Unicode>Bergen am zeitig&#x17F;ten reif und am &#x17F;chmackhaf&#x2E17;</Unicode>
        </TextEquiv>
      </TextLine>
      <TextLine id="region0001_line0003" custom="readingOrder {index:2;}">
        <Coords points="528,555 523,558 469,557 468,596 502,598 508,595 518,596 526,601 535,597 601,602 682,600 710,602 721,606 755,601 797,603 801,606 846,604 983,608 1030,607 1035,610 1131,609 1157,616 1210,610 1234,613 1251,609 1272,609 1273,572 1247,574 1223,568 1205,574 1191,570 1150,570 1146,567 1126,567 1117,573 1101,570 1088,577 1081,570 1036,569 1030,565 960,566 955,563 942,563 917,568 905,562 898,565 863,565 859,562 822,564 817,561 802,561 795,566 762,562 724,563 707,567 701,563 661,560 654,556 625,561 615,557 603,557 598,561 573,561"/>
        <Baseline points="469,586 1272,600"/>
        <Word id="region0001_line0003_word0000" custom="readingOrder {index:0;}">
          <Coords points="578,600 579,563 494,562 493,597 502,598 508,595 518,596 523,599 529,599 535,597 573,599"/>
          <TextEquiv conf="0.9174374">
            <Unicode>te&#x17F;ten</Unicode>
          </TextEquiv>
        </Word>
        <Word id="region0001_line0003_word0001" custom="readingOrder {index:1;}">
          <Coords points="607,563 606,601 633,601 682,600 706,601 736,602 737,564 720,563 707,567 702,563"/>
          <TextEquiv conf="0.91633165">
            <Unicode>werden,</Unicode>
          </TextEquiv>
        </Word>
        <Word id="region0001_line0003_word0002" custom="readingOrder {index:2;}">
          <Coords points="913,604 914,568 767,566 766,601 780,602"/>
          <TextEquiv conf="0.93052053">
            <Unicode>be&#x17F;onders</Unicode>
          </TextEquiv>
        </Word>
        <Word id="region0001_line0003_word0003" custom="readingOrder {index:3;}">
          <Coords points="942,568 973,568 972,598 941,598"/>
          <TextEquiv conf="0.9258758">
            <Unicode>in</Unicode>
          </TextEquiv>
        </Word>
        <Word id="region0001_line0003_word0004" custom="readingOrder {index:4;}">
          <Coords points="1002,571 1043,571 1042,600 1001,600"/>
          <TextEquiv conf="0.92567915">
            <Unicode>die</Unicode>
          </TextEquiv>
        </Word>
        <Word id="region0001_line0003_word0005" custom="readingOrder {index:5;}">
          <Coords points="1072,571 1071,607 1266,609 1267,573 1260,572 1247,574 1241,572 1209,572 1205,574 1199,572 1119,571 1117,573 1108,571 1098,571 1088,577 1082,571"/>
          <TextEquiv conf="0.9198548">
            <Unicode>umliegenden</Unicode>
          </TextEquiv>
        </Word>
        <TextEquiv conf="0.92261654">
          <Unicode>te&#x17F;ten werden, be&#x17F;onders in die umliegenden</Unicode>
        </TextEquiv>
      </TextLine>
      <TextLine id="region0001_line0004" custom="readingOrder {index:3;}">
        <Coords points="506,596 502,599 468,597 469,642 537,645 581,644 594,642 600,645 628,646 664,645 668,648 756,649 776,645 839,650 844,653 859,649 907,646 932,652 962,650 1049,654 1055,651 1089,652 1097,656 1104,651 1167,652 1204,656 1215,656 1220,653 1273,655 1272,610 1251,610 1234,614 1210,611 1204,614 1157,617 1131,610 1059,612 1054,609 1035,611 1022,608 1015,612 1007,612 894,606 872,608 867,605 846,605 841,608 801,607 797,604 755,602 721,607 710,603 682,601 575,602 535,598 526,602 518,597"/>
        <Baseline points="469,631 1273,645"/>
        <Word id="region0001_line0004_word0000" custom="readingOrder {index:0;}">
          <Coords points="494,605 614,607 614,641 494,639"/>
          <TextEquiv conf="0.500592">
            <Unicode>Sta&#x364;dte.</Unicode>
          </TextEquiv>
        </Word>
        <Word id="region0001_line0004_word0001" custom="readingOrder {index:1;}">
          <Coords points="663,609 724,609 724,642 663,641"/>
          <TextEquiv conf="0.9329633">
            <Unicode>Die</Unicode>
          </TextEquiv>
        </Word>
        <Word id="region0001_line0004_word0002" custom="readingOrder {index:2;}">
          <Coords points="822,647 822,609 747,609 747,647 766,647 776,645 801,647"/>
          <TextEquiv conf="0.9291925">
            <Unicode>Fa&#x364;lle</Unicode>
          </TextEquiv>
        </Word>
        <Word id="region0001_line0004_word0003" custom="readingOrder {index:3;}">
          <Coords points="901,612 846,612 846,648 875,648 901,646"/>
          <TextEquiv conf="0.92895645">
            <Unicode>&#x17F;ind</Unicode>
          </TextEquiv>
        </Word>
        <Word id="region0001_line0004_word0004" custom="readingOrder {index:4;}">
          <Coords points="926,617 976,617 976,647 926,647"/>
          <TextEquiv conf="0.9313681">
            <Unicode>gar</Unicode>
          </TextEquiv>
        </Word>
        <Word id="region0001_line0004_word0005" custom="readingOrder {index:5;}">
          <Coords points="999,614 1071,615 1071,649 999,648"/>
          <TextEquiv conf="0.92916715">
            <Unicode>nicht</Unicode>
          </TextEquiv>
        </Word>
        <Word id="region0001_line0004_word0006" custom="readingOrder {index:6;}">
          <Coords points="1094,614 1094,650 1188,651 1188,615 1157,617 1147,614"/>
          <TextEquiv conf="0.9181671">
            <Unicode>&#x17F;elten,</Unicode>
          </TextEquiv>
        </Word>
        <Word id="region0001_line0004_word0007" custom="readingOrder {index:7;}">
          <Coords points="1211,614 1265,615 1265,651 1211,650"/>
          <TextEquiv conf="0.92561823">
            <Unicode>da&#xDF;</Unicode>
          </TextEquiv>
        </Word>
        <TextEquiv conf="0.87450314">
          <Unicode>Sta&#x364;dte. Die Fa&#x364;lle &#x17F;ind gar nicht &#x17F;elten, da&#xDF;</Unicode>
        </TextEquiv>
      </TextLine>
      <TextLine id="region0001_line0005" custom="readingOrder {index:4;}">
        <Coords points="587,643 579,646 557,647 469,645 468,685 511,683 527,686 825,690 879,693 890,697 920,691 990,694 997,688 1003,688 1010,694 1017,695 1094,698 1096,702 1104,705 1113,704 1118,698 1192,699 1201,703 1209,700 1215,703 1230,700 1272,703 1273,656 1220,654 1215,657 1204,657 1167,653 1104,652 1097,657 1089,653 1055,652 1049,655 959,654 946,651 932,653 907,647 859,650 844,654 776,646 756,650 668,649 664,646 634,648 602,647"/>
        <Baseline points="468,674 1272,693"/>
        <Word id="region0001_line0005_word0000" custom="readingOrder {index:0;}">
          <Coords points="493,658 562,659 561,682 492,681"/>
          <TextEquiv conf="0.9260103">
            <Unicode>man</Unicode>
          </TextEquiv>
        </Word>
        <Word id="region0001_line0005_word0001" custom="readingOrder {index:1;}">
          <Coords points="585,653 614,653 613,682 584,682"/>
          <TextEquiv conf="0.9311116">
            <Unicode>in</Unicode>
          </TextEquiv>
        </Word>
        <Word id="region0001_line0005_word0002" custom="readingOrder {index:2;}">
          <Coords points="637,655 727,656 726,686 636,685"/>
          <TextEquiv conf="0.92782784">
            <Unicode>einem</Unicode>
          </TextEquiv>
        </Word>
        <Word id="region0001_line0005_word0003" custom="readingOrder {index:3;}">
          <Coords points="751,655 864,656 863,688 750,687"/>
          <TextEquiv conf="0.92928857">
            <Unicode>Monat</Unicode>
          </TextEquiv>
        </Word>
        <Word id="region0001_line0005_word0004" custom="readingOrder {index:4;}">
          <Coords points="933,655 885,654 884,693 907,693 920,691 932,691"/>
          <TextEquiv conf="0.931238">
            <Unicode>fu&#x364;r</Unicode>
          </TextEquiv>
        </Word>
        <Word id="region0001_line0005_word0005" custom="readingOrder {index:5;}">
          <Coords points="1037,694 1038,666 953,665 952,692 972,693 990,693 997,688 1003,688 1009,693"/>
          <TextEquiv conf="0.87617135">
            <Unicode>4000</Unicode>
          </TextEquiv>
        </Word>
        <Word id="region0001_line0005_word0006" custom="readingOrder {index:6;}">
          <Coords points="1139,658 1053,657 1052,696 1094,698 1094,699 1116,699 1118,698 1138,698"/>
          <TextEquiv conf="0.91929054">
            <Unicode>Rthl.</Unicode>
          </TextEquiv>
        </Word>
        <Word id="region0001_line0005_word0007" custom="readingOrder {index:7;}">
          <Coords points="1154,659 1266,660 1265,699 1153,698"/>
          <TextEquiv conf="0.9168832">
            <Unicode>Aepfel,</Unicode>
          </TextEquiv>
        </Word>
        <TextEquiv conf="0.9197277">
          <Unicode>man in einem Monat fu&#x364;r 4000 Rthl. Aepfel,</Unicode>
        </TextEquiv>
      </TextLine>
      <TextLine id="region0001_line0006" custom="readingOrder {index:5;}">
        <Coords points="997,689 989,696 964,695 940,691 901,694 890,698 881,695 839,695 825,691 732,690 655,686 630,690 602,687 529,689 521,684 468,686 469,726 487,726 497,730 504,727 601,730 625,727 647,731 692,731 712,735 718,739 735,735 791,736 845,732 867,732 903,738 932,737 939,740 955,737 1273,740 1272,704 1159,703 1143,707 1114,704 1104,706 1095,702 1055,700 1048,696 1011,698 1005,690"/>
        <Baseline points="469,717 1273,730"/>
        <Word id="region0001_line0006_word0000" custom="readingOrder {index:0;}">
          <Coords points="539,693 491,692 491,727 497,730 504,727 539,728"/>
          <TextEquiv conf="0.9191093">
            <Unicode>fu&#x364;r</Unicode>
          </TextEquiv>
        </Word>
        <Word id="region0001_line0006_word0001" custom="readingOrder {index:1;}">
          <Coords points="566,698 646,699 646,727 566,726"/>
          <TextEquiv conf="0.86439085">
            <Unicode>1800</Unicode>
          </TextEquiv>
        </Word>
        <Word id="region0001_line0006_word0002" custom="readingOrder {index:2;}">
          <Coords points="755,696 671,695 671,731 692,731 712,735 714,736 727,736 735,735 755,735"/>
          <TextEquiv conf="0.9110802">
            <Unicode>Rthl.</Unicode>
          </TextEquiv>
        </Word>
        <Word id="region0001_line0006_word0003" custom="readingOrder {index:3;}">
          <Coords points="911,734 911,699 779,697 779,732 833,732 845,732 867,732 875,733"/>
          <TextEquiv conf="0.92549604">
            <Unicode>Birnen,</Unicode>
          </TextEquiv>
        </Word>
        <Word id="region0001_line0006_word0004" custom="readingOrder {index:4;}">
          <Coords points="936,697 983,697 983,734 936,734"/>
          <TextEquiv conf="0.9226154">
            <Unicode>fu&#x364;r</Unicode>
          </TextEquiv>
        </Word>
        <Word id="region0001_line0006_word0005" custom="readingOrder {index:5;}">
          <Coords points="999,692 999,728 1090,729 1090,701 1055,700 1048,696 1011,698 1006,692"/>
          <TextEquiv conf="0.7944379">
            <Unicode>1600</Unicode>
          </TextEquiv>
        </Word>
        <Word id="region0001_line0006_word0006" custom="readingOrder {index:6;}">
          <Coords points="1114,717 1153,718 1153,725 1114,724"/>
          <TextEquiv conf="0.9312483">
            <Unicode>&#x2014;</Unicode>
          </TextEquiv>
        </Word>
        <Word id="region0001_line0006_word0007" custom="readingOrder {index:7;}">
          <Coords points="1179,709 1262,710 1262,731 1179,730"/>
          <TextEquiv conf="0.9220832">
            <Unicode>2000</Unicode>
          </TextEquiv>
        </Word>
        <TextEquiv conf="0.89880764">
          <Unicode>fu&#x364;r 1800 Rthl. Birnen, fu&#x364;r 1600 &#x2014; 2000</Unicode>
        </TextEquiv>
      </TextLine>
      <TextLine id="region0001_line0007" custom="readingOrder {index:6;}">
        <Coords points="542,727 504,728 497,731 487,727 469,727 468,770 537,770 545,775 553,771 583,772 600,775 650,775 657,778 676,773 689,776 695,772 732,776 812,774 835,775 842,778 850,775 885,779 917,780 932,776 941,779 1053,778 1148,786 1218,787 1223,791 1239,788 1272,788 1273,741 1149,739 1138,746 1063,744 1021,748 984,739 903,739 867,733 791,737 735,736 718,740 712,736 692,732 647,732 625,728 591,731"/>
        <Baseline points="468,760 1272,777"/>
        <Word id="region0001_line0007_word0000" custom="readingOrder {index:0;}">
          <Coords points="577,737 490,736 489,770 537,770 545,775 553,771 576,771"/>
          <TextEquiv conf="0.9220418">
            <Unicode>Rthl.</Unicode>
          </TextEquiv>
        </Word>
        <Word id="region0001_line0007_word0001" custom="readingOrder {index:1;}">
          <Coords points="602,737 601,775 650,775 651,775 666,776 676,773 688,776 689,776 695,772 731,776 732,738 727,738 718,740 715,738"/>
          <TextEquiv conf="0.92727447">
            <Unicode>Kir&#x17F;chen</Unicode>
          </TextEquiv>
        </Word>
        <Word id="word_1655189467428_374" custom="readingOrder {index:2;}">
          <Coords points="755,740 826,740 826,774 812,774 754,775"/>
          <TextEquiv>
            <Unicode>und</Unicode>
          </TextEquiv>
        </Word>
        <Word id="word_1655189467428_373" custom="readingOrder {index:3;}">
          <Coords points="826,740 886,741 885,777 866,776 850,775 845,776 838,776 835,775 826,774"/>
          <TextEquiv>
            <Unicode>fu&#x364;r</Unicode>
          </TextEquiv>
        </Word>
        <Word id="region0001_line0007_word0003" custom="readingOrder {index:4;}">
          <Coords points="918,746 979,746 978,774 917,774"/>
          <TextEquiv>
            <Unicode>800</Unicode>
          </TextEquiv>
        </Word>
        <Word id="region0001_line0007_word0004" custom="readingOrder {index:5;}">
          <Coords points="1001,759 1041,759 1041,766 1001,766"/>
          <TextEquiv conf="0.9306578">
            <Unicode>&#x2014;</Unicode>
          </TextEquiv>
        </Word>
        <Word id="region0001_line0007_word0005" custom="readingOrder {index:6;}">
          <Coords points="1067,752 1148,753 1147,774 1066,773"/>
          <TextEquiv>
            <Unicode>1000</Unicode>
          </TextEquiv>
        </Word>
        <Word id="region0001_line0007_word0006" custom="readingOrder {index:7;}">
          <Coords points="1176,744 1263,745 1262,787 1175,786"/>
          <TextEquiv conf="0.926652">
            <Unicode>Rthl.</Unicode>
          </TextEquiv>
        </Word>
        <TextEquiv>
          <Unicode>Rthl. Kir&#x17F;chen und fu&#x364;r 800 &#x2014; 1000 Rthl.</Unicode>
        </TextEquiv>
      </TextLine>
      <TextLine id="region0001_line0008" custom="readingOrder {index:7;}">
        <Coords points="478,770 468,771 469,817 546,816 561,820 569,817 606,816 663,819 674,825 684,819 699,820 700,823 709,826 722,821 750,820 789,823 913,823 924,831 935,829 941,824 956,822 1014,823 1029,827 1056,825 1062,828 1178,827 1202,834 1222,829 1251,834 1273,832 1273,792 1260,789 1239,789 1231,793 1223,792 1218,788 1120,788 1053,779 950,783 942,782 935,777 917,781 812,775 751,780 698,773 689,777 683,774 670,775 657,779 615,778 583,773 553,772 545,776 537,771"/>
        <Baseline points="469,807 1273,822"/>
        <Word id="region0001_line0008_word0000" custom="readingOrder {index:0;}">
          <Coords points="582,785 489,783 489,816 546,816 559,819 562,819 569,817 582,816"/>
          <TextEquiv conf="0.86202776">
            <Unicode>Nu&#x364;&#x17F;&#x17F;e</Unicode>
          </TextEquiv>
        </Word>
        <Word id="region0001_line0008_word0001" custom="readingOrder {index:1;}">
          <Coords points="775,785 613,783 613,816 663,819 674,825 674,825 684,819 699,820 700,823 706,825 711,825 722,821 750,820 775,822"/>
          <TextEquiv conf="0.9272807">
            <Unicode>ausfu&#x364;hrte.</Unicode>
          </TextEquiv>
        </Word>
        <Word id="region0001_line0008_word0002" custom="readingOrder {index:2;}">
          <Coords points="827,786 893,786 893,820 827,820"/>
          <TextEquiv conf="0.93030787">
            <Unicode>Der</Unicode>
          </TextEquiv>
        </Word>
        <Word id="region0001_line0008_word0003" custom="readingOrder {index:3;}">
          <Coords points="1002,787 922,786 922,830 923,830 929,830 935,829 941,824 956,822 1002,823"/>
          <TextEquiv conf="0.93257856">
            <Unicode>harte</Unicode>
          </TextEquiv>
        </Word>
        <Word id="region0001_line0008_word0004" custom="readingOrder {index:4;}">
          <Coords points="1033,788 1147,789 1147,823 1033,822"/>
          <TextEquiv conf="0.9236275">
            <Unicode>Winter</Unicode>
          </TextEquiv>
        </Word>
        <Word id="region0001_line0008_word0005" custom="readingOrder {index:5;}">
          <Coords points="1179,794 1259,795 1259,827 1179,826"/>
          <TextEquiv conf="0.9217012">
            <Unicode>1789</Unicode>
          </TextEquiv>
        </Word>
        <TextEquiv conf="0.9162539">
          <Unicode>Nu&#x364;&#x17F;&#x17F;e ausfu&#x364;hrte. Der harte Winter 1789</Unicode>
        </TextEquiv>
      </TextLine>
      <TextLine id="region0001_line0009" custom="readingOrder {index:8;}">
        <Coords points="592,817 584,821 561,821 546,817 532,820 469,820 468,859 522,858 528,861 594,863 622,866 630,870 662,862 735,866 837,864 842,868 852,869 865,862 870,862 876,867 889,866 894,872 902,872 907,868 938,867 996,872 1002,876 1009,876 1016,870 1065,871 1087,869 1112,869 1155,878 1183,876 1196,871 1216,874 1226,879 1239,875 1273,875 1273,833 1251,835 1222,830 1202,835 1178,828 1141,827 1119,832 1088,828 1062,829 1056,826 1029,828 1014,824 956,823 941,825 935,830 924,832 913,824 867,828 771,826 763,821 750,821 744,826 719,824 709,827 687,823 674,826 667,823 611,821 606,817"/>
        <Baseline points="468,849 1273,865"/>
        <Word id="region0001_line0009_word0000" custom="readingOrder {index:0;}">
          <Coords points="490,823 608,825 607,858 489,856"/>
          <TextEquiv conf="0.92688096">
            <Unicode>verdarb</Unicode>
          </TextEquiv>
        </Word>
        <Word id="region0001_line0009_word0001" custom="readingOrder {index:1;}">
          <Coords points="708,833 631,832 630,867 641,867 662,862 707,864"/>
          <TextEquiv conf="0.9281426">
            <Unicode>zwar</Unicode>
          </TextEquiv>
        </Word>
        <Word id="region0001_line0009_word0002" custom="readingOrder {index:2;}">
          <Coords points="736,827 816,828 815,860 735,859"/>
          <TextEquiv conf="0.9305145">
            <Unicode>einen</Unicode>
          </TextEquiv>
        </Word>
        <Word id="region0001_line0009_word0003" custom="readingOrder {index:3;}">
          <Coords points="845,831 844,867 855,867 865,862 870,862 876,867 889,866 890,867 915,868 938,867 940,867 941,832 925,832 924,832 924,832"/>
          <TextEquiv conf="0.926808">
            <Unicode>gro&#x17F;en</Unicode>
          </TextEquiv>
        </Word>
        <Word id="region0001_line0009_word0004" custom="readingOrder {index:4;}">
          <Coords points="1055,830 972,829 971,870 996,872 996,872 1013,873 1016,870 1054,871"/>
          <TextEquiv conf="0.93034357">
            <Unicode>Theil</Unicode>
          </TextEquiv>
        </Word>
        <Word id="region0001_line0009_word0005" custom="readingOrder {index:5;}">
          <Coords points="1080,835 1127,835 1126,864 1079,864"/>
          <TextEquiv conf="0.92760396">
            <Unicode>der</Unicode>
          </TextEquiv>
        </Word>
        <Word id="region0001_line0009_word0006" custom="readingOrder {index:6;}">
          <Coords points="1151,832 1150,872 1192,872 1196,871 1206,872 1261,873 1261,834 1251,835 1238,832 1211,832 1202,835 1193,832"/>
          <TextEquiv>
            <Unicode>Frucht&#x2E17;</Unicode>
          </TextEquiv>
        </Word>
        <TextEquiv>
          <Unicode>verdarb zwar einen gro&#x17F;en Theil der Frucht&#x2E17;</Unicode>
        </TextEquiv>
      </TextLine>
      <TextLine id="region0001_line0010" custom="readingOrder {index:9;}">
        <Coords points="493,858 468,860 469,903 603,907 629,904 658,908 770,911 814,909 820,912 849,913 857,917 866,917 873,913 921,916 938,911 982,911 1000,915 1021,913 1030,916 1088,914 1094,917 1135,919 1145,916 1189,915 1198,922 1203,922 1212,916 1273,919 1273,877 1238,877 1226,880 1196,872 1183,877 1155,879 1112,870 1087,870 1056,873 1016,871 1009,877 1002,877 996,873 938,868 929,871 907,869 902,873 894,873 889,867 876,868 870,863 865,863 852,870 842,869 837,865 804,865 787,869 781,865 765,868 750,866 709,868 703,864 688,867 680,863 662,863 630,871 611,866 534,864 522,859"/>
        <Baseline points="469,893 1273,908"/>
        <Word id="region0001_line0010_word0000" custom="readingOrder {index:0;}">
          <Coords points="608,906 608,870 487,868 487,903 521,904"/>
          <TextEquiv conf="0.92829585">
            <Unicode>ba&#x364;ume,</Unicode>
          </TextEquiv>
        </Word>
        <Word id="region0001_line0010_word0001" custom="readingOrder {index:1;}">
          <Coords points="639,870 722,871 722,903 639,902"/>
          <TextEquiv conf="0.9272957">
            <Unicode>allein</Unicode>
          </TextEquiv>
        </Word>
        <Word id="region0001_line0010_word0002" custom="readingOrder {index:2;}">
          <Coords points="752,874 795,874 795,905 752,905"/>
          <TextEquiv conf="0.93053985">
            <Unicode>die</Unicode>
          </TextEquiv>
        </Word>
        <Word id="region0001_line0010_word0003" custom="readingOrder {index:3;}">
          <Coords points="823,867 823,912 849,913 852,914 870,915 873,913 905,915 924,915 938,911 982,911 986,912 986,872 944,868 937,868 929,871 907,869 902,873 894,873 890,868 880,868 876,868 876,868 857,867 852,870 842,869 840,867"/>
          <TextEquiv conf="0.93052536">
            <Unicode>Tha&#x364;tigkeit</Unicode>
          </TextEquiv>
        </Word>
        <Word id="region0001_line0010_word0004" custom="readingOrder {index:4;}">
          <Coords points="1015,878 1061,878 1061,909 1015,909"/>
          <TextEquiv conf="0.9224485">
            <Unicode>der</Unicode>
          </TextEquiv>
        </Word>
        <Word id="region0001_line0010_word0005" custom="readingOrder {index:5;}">
          <Coords points="1085,876 1085,914 1088,914 1094,917 1123,918 1136,918 1145,916 1189,915 1194,919 1206,919 1212,916 1260,918 1261,878 1235,877 1226,880 1216,877 1181,877 1155,879 1143,876"/>
          <TextEquiv conf="0.92976075">
            <Unicode>Einwohner</Unicode>
          </TextEquiv>
        </Word>
        <TextEquiv conf="0.92814434">
          <Unicode>ba&#x364;ume, allein die Tha&#x364;tigkeit der Einwohner</Unicode>
        </TextEquiv>
      </TextLine>
      <TextLine id="region0001_line0011" custom="readingOrder {index:10;}">
        <Coords points="491,903 469,904 468,945 484,945 488,949 515,946 537,953 570,947 574,950 593,951 599,955 608,955 612,952 709,951 719,955 746,958 752,951 757,951 764,957 791,953 834,953 846,955 853,961 867,958 952,959 968,956 973,964 987,960 1045,959 1063,959 1076,966 1086,966 1093,957 1107,961 1153,959 1175,961 1182,958 1223,962 1273,963 1272,921 1226,920 1212,917 1203,923 1198,923 1189,916 1182,920 1097,920 1088,915 1030,917 1021,914 1000,916 982,912 938,912 921,917 870,915 865,918 856,918 850,915 822,914 814,910 702,913 629,905 552,908 521,908"/>
        <Baseline points="468,937 1273,953"/>
        <Word id="region0001_line0011_word0000" custom="readingOrder {index:0;}">
          <Coords points="579,914 488,913 487,948 488,949 515,946 535,952 539,952 570,947 574,950 578,950"/>
          <TextEquiv conf="0.9297869">
            <Unicode>&#x17F;orgte</Unicode>
          </TextEquiv>
        </Word>
        <Word id="region0001_line0011_word0001" custom="readingOrder {index:1;}">
          <Coords points="648,915 600,915 599,953 610,953 612,952 647,951"/>
          <TextEquiv conf="0.9227821">
            <Unicode>fu&#x364;r</Unicode>
          </TextEquiv>
        </Word>
        <Word id="region0001_line0011_word0002" custom="readingOrder {index:2;}">
          <Coords points="755,925 670,924 670,951 709,951 712,952 750,952 752,951 755,951"/>
          <TextEquiv conf="0.92685145">
            <Unicode>neue,</Unicode>
          </TextEquiv>
        </Word>
        <Word id="region0001_line0011_word0003" custom="readingOrder {index:3;}">
          <Coords points="786,917 828,918 828,949 786,948"/>
          <TextEquiv conf="0.92232966">
            <Unicode>die</Unicode>
          </TextEquiv>
        </Word>
        <Word id="region0001_line0011_word0004" custom="readingOrder {index:4;}">
          <Coords points="915,925 850,924 850,958 865,958 867,958 915,958"/>
          <TextEquiv conf="0.92073417">
            <Unicode>zum</Unicode>
          </TextEquiv>
        </Word>
        <Word id="region0001_line0011_word0005" custom="readingOrder {index:5;}">
          <Coords points="1022,920 939,919 939,958 952,959 968,956 971,961 981,961 987,960 1022,959"/>
          <TextEquiv conf="0.9305498">
            <Unicode>Theil</Unicode>
          </TextEquiv>
        </Word>
        <Word id="region0001_line0011_word0006" custom="readingOrder {index:6;}">
          <Coords points="1129,921 1052,920 1052,959 1063,959 1065,960 1090,960 1093,957 1105,960 1112,960 1129,960"/>
          <TextEquiv conf="0.92864305">
            <Unicode>&#x17F;chon</Unicode>
          </TextEquiv>
        </Word>
        <Word id="region0001_line0011_word0007" custom="readingOrder {index:7;}">
          <Coords points="1159,923 1261,924 1261,955 1159,954"/>
          <TextEquiv conf="0.9273504">
            <Unicode>wieder</Unicode>
          </TextEquiv>
        </Word>
        <TextEquiv conf="0.92612845">
          <Unicode>&#x17F;orgte fu&#x364;r neue, die zum Theil &#x17F;chon wieder</Unicode>
        </TextEquiv>
      </TextLine>
      <TextLine id="region0001_line0012" custom="readingOrder {index:11;}">
        <Coords points="468,946 469,992 500,990 518,993 568,992 577,1002 594,993 653,996 664,1002 674,1001 681,995 766,998 775,995 789,996 796,1000 827,1003 889,1001 896,996 904,996 908,1001 924,999 935,1002 984,1003 1027,1000 1040,1001 1047,1005 1059,1001 1124,1006 1135,1010 1167,1006 1198,1006 1205,1010 1219,1010 1241,1005 1272,1006 1273,965 1225,965 1182,959 1171,964 1163,960 1153,960 1144,964 1116,964 1093,958 1086,967 1076,967 1063,960 985,961 973,965 968,957 949,961 867,959 853,962 846,956 834,954 791,954 764,958 759,953 752,952 746,959 716,956 709,952 697,952 688,956 612,953 608,956 599,956 575,952 570,948 537,954 515,947 493,950 488,950 484,946"/>
        <Baseline points="468,982 1273,995"/>
        <Word id="region0001_line0012_word0000" custom="readingOrder {index:0;}">
          <Coords points="487,954 486,991 500,990 518,993 568,992 576,1001 578,1001 594,993 634,995 635,956 608,956 608,956 599,956 596,955"/>
          <TextEquiv conf="0.9220981">
            <Unicode>Ausbeute</Unicode>
          </TextEquiv>
        </Word>
        <Word id="region0001_line0012_word0001" custom="readingOrder {index:1;}">
          <Coords points="691,954 688,956 662,954 662,996 679,996 681,995 729,996 758,997 758,955 749,954 746,959 716,956 713,954"/>
          <TextEquiv conf="0.87832665">
            <Unicode>geben.</Unicode>
          </TextEquiv>
        </Word>
        <Word id="region0001_line0012_word0002" custom="readingOrder {index:2;}">
          <Coords points="811,958 811,994 905,996 905,960 866,959 853,962 849,958"/>
          <TextEquiv conf="0.93227476">
            <Unicode>Einen</Unicode>
          </TextEquiv>
        </Word>
        <Word id="region0001_line0012_word0003" custom="readingOrder {index:3;}">
          <Coords points="937,961 937,994 1009,995 1009,962 983,961 973,965 970,961"/>
          <TextEquiv conf="0.92108047">
            <Unicode>eben</Unicode>
          </TextEquiv>
        </Word>
        <Word id="region0001_line0012_word0004" custom="readingOrder {index:4;}">
          <Coords points="1042,963 1041,1000 1071,1001 1071,964 1070,963"/>
          <TextEquiv conf="0.92450225">
            <Unicode>&#x17F;o</Unicode>
          </TextEquiv>
        </Word>
        <Word id="region0001_line0012_word0005" custom="readingOrder {index:5;}">
          <Coords points="1094,961 1093,1001 1258,1003 1258,965 1225,965 1206,962 1175,961 1171,964 1166,961 1149,961 1144,964 1116,964 1105,961"/>
          <TextEquiv conf="0.9154384">
            <Unicode>ergiebigen</Unicode>
          </TextEquiv>
        </Word>
        <TextEquiv conf="0.9156201">
          <Unicode>Ausbeute geben. Einen eben &#x17F;o ergiebigen</Unicode>
        </TextEquiv>
      </TextLine>
      <TextLine id="region0001_line0013" custom="readingOrder {index:12;}">
        <Coords points="500,991 469,993 469,1035 496,1035 507,1039 518,1036 601,1037 619,1046 639,1041 682,1042 696,1045 710,1040 750,1039 778,1044 802,1042 806,1038 818,1041 888,1042 912,1050 929,1044 958,1042 1009,1046 1020,1052 1029,1051 1036,1046 1044,1046 1050,1052 1062,1049 1153,1047 1214,1048 1220,1051 1273,1051 1272,1008 1253,1006 1241,1006 1219,1011 1154,1009 1135,1011 1127,1008 1059,1002 1047,1006 1040,1002 1027,1001 987,1005 930,1004 924,1000 908,1002 904,997 896,997 887,1004 861,1005 801,1002 784,996 770,997 764,1001 757,998 695,1000 690,996 681,996 674,1002 664,1003 656,999 609,998 604,994 594,994 577,1003 568,993 544,996"/>
        <Baseline points="469,1027 1273,1041"/>
        <Word id="region0001_line0013_word0000" custom="readingOrder {index:0;}">
          <Coords points="485,999 485,1035 496,1035 507,1039 518,1036 601,1037 612,1043 631,1043 639,1041 682,1042 690,1044 699,1044 705,1042 705,1002 674,1002 674,1002 664,1003 661,1001 582,1000 577,1003 574,1000"/>
          <TextEquiv conf="0.9129543">
            <Unicode>Handelszweig</Unicode>
          </TextEquiv>
        </Word>
        <Word id="region0001_line0013_word0001" custom="readingOrder {index:1;}">
          <Coords points="734,1001 734,1039 750,1039 758,1040 802,1041 806,1038 818,1041 832,1041 832,1003 813,1002"/>
          <TextEquiv conf="0.9190879">
            <Unicode>liefern</Unicode>
          </TextEquiv>
        </Word>
        <Word id="region0001_line0013_word0002" custom="readingOrder {index:2;}">
          <Coords points="892,1000 887,1004 861,1005 859,1005 859,1042 888,1042 896,1045 926,1045 927,1045 927,1002 925,1001 917,1001 908,1002 907,1001"/>
          <TextEquiv conf="0.9314061">
            <Unicode>auch</Unicode>
          </TextEquiv>
        </Word>
        <Word id="region0001_line0013_word0003" custom="readingOrder {index:3;}">
          <Coords points="950,1008 992,1009 992,1039 950,1038"/>
          <TextEquiv conf="0.92692566">
            <Unicode>die</Unicode>
          </TextEquiv>
        </Word>
        <Word id="region0001_line0013_word0004" custom="readingOrder {index:4;}">
          <Coords points="1015,1006 1015,1046 1036,1046 1036,1046 1044,1046 1044,1046 1131,1047 1153,1047 1173,1047 1173,1010 1154,1009 1135,1011 1127,1008 1119,1007"/>
          <TextEquiv conf="0.9175434">
            <Unicode>Pflaumen</Unicode>
          </TextEquiv>
        </Word>
        <Word id="region0001_line0013_word0005" custom="readingOrder {index:5;}">
          <Coords points="1200,1041 1258,1042 1258,1011 1221,1010 1219,1011 1200,1010"/>
          <TextEquiv conf="0.9319614">
            <Unicode>und</Unicode>
          </TextEquiv>
        </Word>
        <TextEquiv conf="0.92331314">
          <Unicode>Handelszweig liefern auch die Pflaumen und</Unicode>
        </TextEquiv>
      </TextLine>
      <TextLine id="region0001_line0014" custom="readingOrder {index:13;}">
        <Coords points="573,1036 563,1040 469,1036 468,1079 505,1082 522,1078 568,1077 588,1082 625,1079 666,1083 694,1079 751,1080 819,1084 823,1088 858,1083 871,1090 881,1084 901,1088 968,1083 1003,1088 1041,1088 1045,1084 1052,1084 1058,1089 1102,1087 1109,1092 1117,1093 1142,1086 1148,1093 1180,1096 1202,1094 1210,1097 1220,1094 1272,1093 1273,1053 1232,1054 1214,1049 1153,1048 1050,1053 1044,1047 1036,1047 1029,1052 1020,1053 1009,1047 958,1043 929,1045 912,1051 888,1043 818,1042 806,1039 802,1043 778,1045 750,1040 710,1041 696,1046 682,1043 647,1042 619,1047 601,1038"/>
        <Baseline points="469,1069 1272,1083"/>
        <Word id="region0001_line0014_word0000" custom="readingOrder {index:0;}">
          <Coords points="484,1045 483,1080 495,1081 508,1081 522,1078 568,1077 588,1082 625,1079 666,1083 694,1079 702,1079 703,1048 620,1047 619,1047 619,1047"/>
          <TextEquiv conf="0.9241503">
            <Unicode>Gemu&#x364;&#x17F;earten.</Unicode>
          </TextEquiv>
        </Word>
        <Word id="region0001_line0014_word0001" custom="readingOrder {index:1;}">
          <Coords points="741,1041 740,1079 751,1080 793,1082 793,1043 778,1045 757,1041"/>
          <TextEquiv conf="0.93135947">
            <Unicode>Der</Unicode>
          </TextEquiv>
        </Word>
        <Word id="region0001_line0014_word0002" custom="readingOrder {index:2;}">
          <Coords points="811,1042 810,1083 819,1084 823,1088 858,1083 871,1090 881,1084 901,1088 935,1085 935,1044 929,1045 912,1051 888,1043"/>
          <TextEquiv conf="0.92120516">
            <Unicode>hie&#x17F;ige</Unicode>
          </TextEquiv>
        </Word>
        <Word id="region0001_line0014_word0003" custom="readingOrder {index:3;}">
          <Coords points="944,1050 943,1083 964,1083 968,1083 971,1083 1045,1084 1045,1084 1052,1084 1053,1085 1087,1085 1088,1052 1074,1052 1050,1053 1048,1051 1030,1051 1029,1052 1020,1053 1016,1051"/>
          <TextEquiv conf="0.93035036">
            <Unicode>Weinbau</Unicode>
          </TextEquiv>
        </Word>
        <Word id="region0001_line0014_word0004" custom="readingOrder {index:4;}">
          <Coords points="1159,1091 1160,1054 1111,1053 1110,1090 1126,1090 1142,1086 1146,1090"/>
          <TextEquiv conf="0.9281285">
            <Unicode>&#x17F;oll</Unicode>
          </TextEquiv>
        </Word>
        <Word id="region0001_line0014_word0005" custom="readingOrder {index:5;}">
          <Coords points="1180,1055 1259,1056 1258,1092 1179,1091"/>
          <TextEquiv conf="0.9304665">
            <Unicode>&#x17F;chon</Unicode>
          </TextEquiv>
        </Word>
        <TextEquiv conf="0.92761004">
          <Unicode>Gemu&#x364;&#x17F;earten. Der hie&#x17F;ige Weinbau &#x17F;oll &#x17F;chon</Unicode>
        </TextEquiv>
      </TextLine>
      <TextLine id="region0001_line0015" custom="readingOrder {index:14;}">
        <Coords points="562,1078 468,1082 469,1122 491,1124 502,1120 524,1118 550,1122 611,1119 616,1122 628,1120 634,1125 650,1126 680,1122 697,1124 706,1120 752,1125 932,1126 971,1130 1013,1130 1023,1135 1035,1130 1133,1134 1178,1132 1202,1134 1217,1131 1223,1135 1273,1136 1272,1096 1180,1097 1148,1094 1142,1087 1117,1094 1109,1093 1102,1088 1058,1090 1052,1085 1045,1085 1041,1089 1003,1089 968,1084 901,1089 881,1085 871,1091 858,1084 823,1089 819,1085 751,1081 694,1080 666,1084 638,1080 588,1083 582,1080"/>
        <Baseline points="469,1114 546,1110 1273,1126"/>
        <Word id="region0001_line0015_word0000" custom="readingOrder {index:0;}">
          <Coords points="519,1094 483,1093 483,1123 491,1124 502,1120 519,1118"/>
          <TextEquiv conf="0.93162954">
            <Unicode>zu</Unicode>
          </TextEquiv>
        </Word>
        <Word id="region0001_line0015_word0001" custom="readingOrder {index:1;}">
          <Coords points="707,1091 543,1089 543,1121 550,1122 611,1119 616,1122 628,1120 634,1125 650,1126 680,1122 697,1124 706,1120 707,1120"/>
          <TextEquiv conf="0.92241406">
            <Unicode>Markgraf</Unicode>
          </TextEquiv>
        </Word>
        <Word id="region0001_line0015_word0002" custom="readingOrder {index:2;}">
          <Coords points="861,1124 861,1092 724,1090 724,1122 724,1122"/>
          <TextEquiv conf="0.9202129">
            <Unicode>Konrads</Unicode>
          </TextEquiv>
        </Word>
        <Word id="region0001_line0015_word0003" custom="readingOrder {index:3;}">
          <Coords points="883,1095 931,1096 931,1124 883,1123"/>
          <TextEquiv conf="0.92635286">
            <Unicode>des</Unicode>
          </TextEquiv>
        </Word>
        <Word id="region0001_line0015_word0004" custom="readingOrder {index:4;}">
          <Coords points="1065,1092 954,1091 954,1128 971,1130 1013,1130 1016,1131 1030,1131 1035,1130 1065,1131"/>
          <TextEquiv conf="0.9157574">
            <Unicode>Gro&#x17F;en</Unicode>
          </TextEquiv>
        </Word>
        <Word id="region0001_line0015_word0005" custom="readingOrder {index:5;}">
          <Coords points="1084,1090 1084,1131 1179,1132 1179,1096 1148,1094 1145,1090 1129,1090 1117,1094 1109,1093 1105,1090"/>
          <TextEquiv conf="0.9260273">
            <Unicode>Zeiten</Unicode>
          </TextEquiv>
        </Word>
        <Word id="region0001_line0015_word0006" custom="readingOrder {index:6;}">
          <Coords points="1202,1103 1259,1104 1259,1128 1202,1127"/>
          <TextEquiv conf="0.92946553">
            <Unicode>von</Unicode>
          </TextEquiv>
        </Word>
        <TextEquiv conf="0.92455137">
          <Unicode>zu Markgraf Konrads des Gro&#x17F;en Zeiten von</Unicode>
        </TextEquiv>
      </TextLine>
      <TextLine id="region0001_line0016" custom="readingOrder {index:15;}">
        <Coords points="524,1119 502,1121 491,1125 469,1123 468,1166 515,1166 527,1171 543,1164 570,1164 588,1166 599,1171 609,1167 621,1169 631,1165 695,1168 759,1166 767,1160 771,1163 772,1171 806,1168 947,1170 957,1173 989,1173 1000,1181 1010,1179 1014,1175 1046,1174 1056,1174 1064,1181 1074,1177 1116,1181 1172,1177 1272,1180 1273,1139 1224,1137 1217,1132 1198,1137 1189,1133 1178,1133 1173,1136 1086,1135 1081,1132 1065,1131 1023,1136 1015,1133 897,1129 872,1125 837,1129 769,1128 705,1121 697,1125 680,1123 639,1127 628,1121 586,1121 571,1124 565,1121 550,1123"/>
        <Baseline points="469,1155 765,1161 768,1161 1272,1170"/>
        <Word id="region0001_line0016_word0000" custom="readingOrder {index:0;}">
          <Coords points="671,1131 484,1128 483,1166 515,1166 526,1170 527,1170 543,1164 570,1164 588,1166 599,1171 609,1167 621,1169 631,1165 670,1166"/>
          <TextEquiv conf="0.9223516">
            <Unicode>Rheini&#x17F;chen</Unicode>
          </TextEquiv>
        </Word>
        <Word id="region0001_line0016_word0001" custom="readingOrder {index:1;}">
          <Coords points="961,1172 962,1134 699,1131 698,1167 759,1166 767,1160 771,1163 771,1169 783,1169 806,1168 947,1170 953,1171"/>
          <TextEquiv conf="0.820706">
            <Unicode>Ausgewanderten</Unicode>
          </TextEquiv>
        </Word>
        <Word id="region0001_line0016_word0002" custom="readingOrder {index:2;}">
          <Coords points="997,1135 996,1176 1012,1176 1014,1175 1046,1174 1056,1174 1059,1176 1082,1177 1083,1136 1028,1135 1023,1136 1021,1135"/>
          <TextEquiv conf="0.9245341">
            <Unicode>zuer&#x17F;t</Unicode>
          </TextEquiv>
        </Word>
        <Word id="region0001_line0016_word0003" custom="readingOrder {index:3;}">
          <Coords points="1173,1136 1173,1136 1118,1135 1117,1174 1257,1176 1258,1138 1224,1137 1223,1137 1201,1136 1198,1137 1196,1136"/>
          <TextEquiv conf="0.9218644">
            <Unicode>getrieben</Unicode>
          </TextEquiv>
        </Word>
        <TextEquiv conf="0.897364">
          <Unicode>Rheini&#x17F;chen Ausgewanderten zuer&#x17F;t getrieben</Unicode>
        </TextEquiv>
      </TextLine>
      <TextLine id="region0001_line0017" custom="readingOrder {index:16;}">
        <Coords points="766,1161 759,1167 706,1167 672,1172 645,1170 638,1166 599,1172 590,1169 558,1168 554,1165 544,1165 527,1172 511,1168 468,1167 469,1207 595,1210 623,1217 640,1213 651,1219 664,1214 680,1213 707,1216 765,1217 772,1214 808,1216 816,1208 824,1211 827,1217 832,1216 836,1220 847,1216 894,1216 927,1219 939,1223 949,1217 974,1217 980,1220 997,1218 1019,1221 1035,1219 1052,1223 1079,1223 1089,1226 1169,1225 1180,1230 1209,1223 1273,1226 1272,1184 1249,1184 1242,1179 1227,1181 1190,1181 1186,1178 1172,1178 1166,1182 1131,1182 1074,1178 1064,1182 1056,1175 1046,1175 1040,1179 1011,1179 1000,1182 989,1174 953,1176 947,1171 934,1171 925,1175 889,1176 861,1175 852,1170 838,1170 830,1176 824,1176 821,1171 813,1169 803,1170 800,1174 772,1172 769,1170 770,1163"/>
        <Baseline points="469,1197 1273,1215"/>
        <Word id="region0001_line0017_word0000" custom="readingOrder {index:0;}">
          <Coords points="483,1171 483,1199 597,1201 597,1173 528,1172 527,1172 526,1172"/>
          <TextEquiv conf="0.9288185">
            <Unicode>worden</Unicode>
          </TextEquiv>
        </Word>
        <Word id="region0001_line0017_word0001" custom="readingOrder {index:1;}">
          <Coords points="624,1168 621,1168 621,1211 694,1212 694,1169 692,1168 672,1172 645,1170 642,1168"/>
          <TextEquiv conf="0.9265962">
            <Unicode>&#x17F;eyn.</Unicode>
          </TextEquiv>
        </Word>
        <Word id="region0001_line0017_word0002" custom="readingOrder {index:2;}">
          <Coords points="908,1214 908,1175 889,1176 861,1175 852,1170 838,1170 830,1176 824,1176 821,1171 813,1169 803,1170 800,1174 772,1172 769,1170 770,1163 766,1161 759,1167 730,1167 730,1211 811,1212 816,1208 824,1211 824,1212"/>
          <TextEquiv conf="0.92888796">
            <Unicode>Wenig&#x17F;tens</Unicode>
          </TextEquiv>
        </Word>
        <Word id="region0001_line0017_word0003" custom="readingOrder {index:3;}">
          <Coords points="933,1171 933,1171 933,1214 1022,1215 1022,1179 1011,1179 1000,1182 989,1174 953,1176 947,1171"/>
          <TextEquiv conf="0.9304466">
            <Unicode>hei&#x17F;en</Unicode>
          </TextEquiv>
        </Word>
        <Word id="region0001_line0017_word0004" custom="readingOrder {index:4;}">
          <Coords points="1046,1213 1104,1214 1104,1180 1074,1178 1064,1182 1056,1175 1046,1175"/>
          <TextEquiv conf="0.9288313">
            <Unicode>ietzt</Unicode>
          </TextEquiv>
        </Word>
        <Word id="region0001_line0017_word0005" custom="readingOrder {index:5;}">
          <Coords points="1125,1214 1190,1215 1190,1181 1186,1178 1172,1178 1166,1182 1131,1182 1125,1181"/>
          <TextEquiv conf="0.9317174">
            <Unicode>noch</Unicode>
          </TextEquiv>
        </Word>
        <Word id="region0001_line0017_word0006" custom="readingOrder {index:6;}">
          <Coords points="1214,1208 1256,1209 1256,1184 1249,1184 1242,1179 1227,1181 1214,1181"/>
          <TextEquiv conf="0.9317174">
            <Unicode>die</Unicode>
          </TextEquiv>
        </Word>
        <TextEquiv conf="0.9295736">
          <Unicode>worden &#x17F;eyn. Wenig&#x17F;tens hei&#x17F;en ietzt noch die</Unicode>
        </TextEquiv>
      </TextLine>
      <TextLine id="region0001_line0018" custom="readingOrder {index:17;}">
        <Coords points="816,1209 808,1218 792,1220 781,1215 772,1215 766,1218 734,1218 662,1217 651,1220 634,1215 624,1218 601,1215 595,1211 585,1211 579,1215 548,1214 506,1208 469,1208 468,1253 517,1255 532,1260 543,1260 552,1256 600,1255 615,1258 640,1256 647,1259 653,1256 694,1257 697,1260 716,1257 793,1258 798,1261 870,1259 875,1263 895,1260 945,1266 1021,1262 1058,1265 1134,1264 1147,1271 1177,1266 1219,1269 1272,1268 1273,1229 1236,1229 1231,1225 1209,1224 1180,1231 1172,1228 1089,1227 1079,1224 1046,1225 1035,1220 1023,1223 997,1219 988,1219 984,1221 974,1218 949,1218 939,1224 928,1221 899,1220 894,1217 876,1217 871,1220 847,1217 836,1221 832,1217 827,1218 824,1212"/>
        <Baseline points="468,1242 1272,1258"/>
        <Word id="region0001_line0018_word0000" custom="readingOrder {index:0;}">
          <Coords points="482,1214 481,1253 496,1254 588,1255 600,1255 601,1255 656,1256 656,1218 651,1220 636,1215 631,1215 624,1218 604,1215"/>
          <TextEquiv conf="0.93056685">
            <Unicode>Gegenden,</Unicode>
          </TextEquiv>
        </Word>
        <Word id="region0001_line0018_word0001" custom="readingOrder {index:1;}">
          <Coords points="679,1224 725,1224 724,1256 678,1256"/>
          <TextEquiv conf="0.9285084">
            <Unicode>wo</Unicode>
          </TextEquiv>
        </Word>
        <Word id="region0001_line0018_word0002" custom="readingOrder {index:2;}">
          <Coords points="754,1220 796,1220 795,1251 753,1251"/>
          <TextEquiv conf="0.92367166">
            <Unicode>die</Unicode>
          </TextEquiv>
        </Word>
        <Word id="region0001_line0018_word0003" custom="readingOrder {index:3;}">
          <Coords points="816,1258 929,1260 929,1221 928,1221 899,1220 894,1217 876,1217 871,1220 847,1217 836,1221 832,1217 827,1218 824,1212 816,1209"/>
          <TextEquiv conf="0.893607">
            <Unicode>a&#x364;lte&#x17F;ten</Unicode>
          </TextEquiv>
        </Word>
        <Word id="region0001_line0018_word0004" custom="readingOrder {index:4;}">
          <Coords points="960,1221 959,1259 1179,1262 1179,1230 1172,1228 1089,1227 1079,1224 1046,1225 1039,1222 1027,1221 1023,1223 1014,1221"/>
          <TextEquiv conf="0.9172916">
            <Unicode>Weinberge</Unicode>
          </TextEquiv>
        </Word>
        <Word id="region0001_line0018_word0005" custom="readingOrder {index:5;}">
          <Coords points="1209,1224 1208,1224 1207,1255 1256,1256 1257,1229 1236,1229 1231,1225 1210,1224"/>
          <TextEquiv>
            <Unicode>lie&#x2E17;</Unicode>
          </TextEquiv>
        </Word>
        <TextEquiv>
          <Unicode>Gegenden, wo die a&#x364;lte&#x17F;ten Weinberge lie&#x2E17;</Unicode>
        </TextEquiv>
      </TextLine>
      <TextLine id="region0001_line0019" custom="readingOrder {index:18;}">
        <Coords points="600,1256 549,1258 543,1261 514,1258 468,1258 469,1295 479,1299 512,1296 555,1302 566,1302 574,1298 667,1304 680,1300 685,1305 693,1302 750,1304 760,1308 770,1304 790,1306 822,1303 878,1306 914,1304 927,1308 941,1304 952,1308 980,1305 1054,1308 1065,1305 1071,1309 1123,1311 1131,1315 1144,1309 1273,1314 1272,1271 1177,1267 1147,1272 1134,1265 1058,1266 1039,1263 945,1267 895,1261 875,1264 870,1260 813,1263 802,1263 793,1259 747,1259 741,1263 732,1262 726,1258 704,1261 697,1261 694,1258 653,1257 647,1260 640,1257 615,1259"/>
        <Baseline points="469,1286 1273,1303"/>
        <Word id="region0001_line0019_word0000" custom="readingOrder {index:0;}">
          <Coords points="552,1271 481,1270 481,1298 512,1296 552,1301"/>
          <TextEquiv conf="0.9284114">
            <Unicode>gen,</Unicode>
          </TextEquiv>
        </Word>
        <Word id="region0001_line0019_word0001" custom="readingOrder {index:1;}">
          <Coords points="582,1268 624,1268 624,1298 582,1298"/>
          <TextEquiv conf="0.9252946">
            <Unicode>die</Unicode>
          </TextEquiv>
        </Word>
        <Word id="region0001_line0019_word0002" custom="readingOrder {index:2;}">
          <Coords points="832,1269 647,1266 647,1302 667,1304 680,1300 685,1305 693,1302 750,1304 760,1308 770,1304 790,1306 822,1303 832,1303"/>
          <TextEquiv conf="0.92828566">
            <Unicode>Rheini&#x17F;chen</Unicode>
          </TextEquiv>
        </Word>
        <Word id="region0001_line0019_word0003" custom="readingOrder {index:3;}">
          <Coords points="971,1271 858,1270 858,1305 860,1305 891,1305 914,1304 919,1306 935,1306 941,1304 946,1306 971,1306 971,1306"/>
          <TextEquiv conf="0.9299259">
            <Unicode>Berge.</Unicode>
          </TextEquiv>
        </Word>
        <Word id="region0001_line0019_word0004" custom="readingOrder {index:4;}">
          <Coords points="1016,1271 1074,1272 1074,1305 1016,1304"/>
          <TextEquiv conf="0.93279666">
            <Unicode>Ein</Unicode>
          </TextEquiv>
        </Word>
        <Word id="region0001_line0019_word0005" custom="readingOrder {index:5;}">
          <Coords points="1182,1274 1095,1273 1095,1309 1123,1311 1129,1314 1132,1314 1144,1309 1182,1310"/>
          <TextEquiv conf="0.9327174">
            <Unicode>Theil</Unicode>
          </TextEquiv>
        </Word>
        <Word id="region0001_line0019_word0006" custom="readingOrder {index:6;}">
          <Coords points="1207,1277 1255,1278 1255,1307 1207,1306"/>
          <TextEquiv conf="0.9286567">
            <Unicode>der</Unicode>
          </TextEquiv>
        </Word>
        <TextEquiv conf="0.92944115">
          <Unicode>gen, die Rheini&#x17F;chen Berge. Ein Theil der</Unicode>
        </TextEquiv>
      </TextLine>
      <TextLine id="region0001_line0020" custom="readingOrder {index:19;}">
        <Coords points="469,1296 468,1342 517,1344 534,1341 593,1341 613,1342 618,1346 633,1345 636,1342 649,1345 704,1344 719,1349 745,1343 794,1347 827,1344 837,1347 886,1345 912,1350 942,1348 965,1340 976,1349 994,1353 1105,1348 1136,1351 1169,1349 1176,1353 1190,1354 1272,1356 1273,1315 1144,1310 1131,1316 1123,1312 1071,1310 1065,1306 1054,1309 980,1306 952,1309 944,1305 934,1309 914,1305 880,1307 822,1304 790,1307 768,1306 760,1309 742,1305 693,1303 685,1306 680,1301 667,1305 589,1303 583,1300 555,1303 512,1297 479,1300"/>
        <Baseline points="468,1331 965,1340 965,1340 1272,1346"/>
        <Word id="region0001_line0020_word0000" custom="readingOrder {index:0;}">
          <Coords points="651,1344 652,1308 479,1306 478,1342 525,1342 534,1341 593,1341 613,1342 614,1343 634,1343 636,1342 644,1343"/>
          <TextEquiv conf="0.92471117">
            <Unicode>Weinberge</Unicode>
          </TextEquiv>
        </Word>
        <Word id="region0001_line0020_word0001" custom="readingOrder {index:1;}">
          <Coords points="741,1308 673,1307 672,1344 704,1344 708,1345 732,1345 740,1344"/>
          <TextEquiv conf="0.9262609">
            <Unicode>liegt</Unicode>
          </TextEquiv>
        </Word>
        <Word id="region0001_line0020_word0002" custom="readingOrder {index:2;}">
          <Coords points="763,1316 801,1316 800,1340 762,1340"/>
          <TextEquiv conf="0.92650443">
            <Unicode>an</Unicode>
          </TextEquiv>
        </Word>
        <Word id="region0001_line0020_word0003" custom="readingOrder {index:3;}">
          <Coords points="823,1312 873,1312 872,1342 822,1342"/>
          <TextEquiv conf="0.91824555">
            <Unicode>der</Unicode>
          </TextEquiv>
        </Word>
        <Word id="region0001_line0020_word0004" custom="readingOrder {index:4;}">
          <Coords points="1008,1347 1009,1312 898,1310 897,1345 947,1345 965,1340 972,1346"/>
          <TextEquiv conf="0.9138909">
            <Unicode>Lubus,</Unicode>
          </TextEquiv>
        </Word>
        <Word id="region0001_line0020_word0005" custom="readingOrder {index:5;}">
          <Coords points="1038,1311 1086,1312 1085,1344 1037,1343"/>
          <TextEquiv conf="0.92948896">
            <Unicode>der</Unicode>
          </TextEquiv>
        </Word>
        <Word id="region0001_line0020_word0006" custom="readingOrder {index:6;}">
          <Coords points="1108,1315 1107,1343 1193,1344 1194,1316 1132,1315 1131,1316 1129,1315"/>
          <TextEquiv conf="0.92758363">
            <Unicode>andre</Unicode>
          </TextEquiv>
        </Word>
        <Word id="region0001_line0020_word0007" custom="readingOrder {index:7;}">
          <Coords points="1216,1321 1255,1322 1254,1346 1215,1345"/>
          <TextEquiv conf="0.93264014">
            <Unicode>an</Unicode>
          </TextEquiv>
        </Word>
        <TextEquiv conf="0.92491573">
          <Unicode>Weinberge liegt an der Lubus, der andre an</Unicode>
        </TextEquiv>
      </TextLine>
      <TextLine id="region0001_line0021" custom="readingOrder {index:20;}">
        <Coords points="963,1341 939,1351 907,1351 886,1346 837,1348 827,1345 796,1348 760,1348 753,1344 745,1344 719,1350 704,1345 649,1346 636,1343 633,1346 618,1347 613,1343 593,1342 553,1341 517,1345 468,1343 469,1385 543,1385 548,1388 581,1389 613,1386 620,1391 631,1391 652,1385 665,1388 671,1385 705,1385 724,1389 737,1387 742,1395 749,1395 758,1390 783,1387 787,1390 810,1391 813,1394 827,1397 836,1392 879,1395 908,1389 946,1388 1017,1394 1050,1392 1064,1398 1073,1393 1093,1396 1109,1393 1121,1393 1125,1396 1200,1396 1237,1401 1273,1399 1271,1358 1190,1355 1176,1354 1169,1350 1152,1353 1105,1349 1073,1353 1053,1349 994,1354 977,1352 971,1344"/>
        <Baseline points="469,1375 1272,1391"/>
        <Word id="region0001_line0021_word0000" custom="readingOrder {index:0;}">
          <Coords points="481,1350 529,1351 529,1380 481,1379"/>
          <TextEquiv conf="0.9291215">
            <Unicode>der</Unicode>
          </TextEquiv>
        </Word>
        <Word id="region0001_line0021_word0001" custom="readingOrder {index:1;}">
          <Coords points="668,1350 556,1348 556,1385 613,1386 613,1386 613,1386 646,1387 652,1385 660,1387 667,1387 668,1386"/>
          <TextEquiv conf="0.9291215">
            <Unicode>Nei&#x17F;&#x17F;e;</Unicode>
          </TextEquiv>
        </Word>
        <Word id="region0001_line0021_word0002" custom="readingOrder {index:2;}">
          <Coords points="703,1348 703,1385 705,1385 724,1389 737,1387 739,1390 756,1390 758,1390 783,1387 787,1390 789,1390 789,1349 726,1348 719,1350 713,1348"/>
          <TextEquiv conf="0.9326306">
            <Unicode>daher</Unicode>
          </TextEquiv>
        </Word>
        <Word id="region0001_line0021_word0003" custom="readingOrder {index:3;}">
          <Coords points="916,1352 816,1350 816,1392 835,1392 836,1392 844,1393 887,1393 908,1389 916,1389"/>
          <TextEquiv conf="0.9323921">
            <Unicode>hei&#x17F;&#x17F;en</Unicode>
          </TextEquiv>
        </Word>
        <Word id="region0001_line0021_word0004" custom="readingOrder {index:4;}">
          <Coords points="957,1343 945,1348 945,1385 1005,1386 1005,1353 994,1354 977,1352 971,1344 969,1343"/>
          <TextEquiv conf="0.89083207">
            <Unicode>iene</Unicode>
          </TextEquiv>
        </Word>
        <Word id="region0001_line0021_word0005" custom="readingOrder {index:5;}">
          <Coords points="1076,1393 1076,1357 1034,1356 1034,1392 1045,1392 1050,1392 1050,1392"/>
          <TextEquiv conf="0.92481035">
            <Unicode>die</Unicode>
          </TextEquiv>
        </Word>
        <Word id="region0001_line0021_word0006" custom="readingOrder {index:6;}">
          <Coords points="1104,1353 1104,1391 1255,1393 1255,1357 1190,1355 1176,1354 1176,1354"/>
          <TextEquiv>
            <Unicode>Lubus&#x2E17;,</Unicode>
          </TextEquiv>
        </Word>
        <TextEquiv>
          <Unicode>der Nei&#x17F;&#x17F;e; daher hei&#x17F;&#x17F;en iene die Lubus&#x2E17;,</Unicode>
        </TextEquiv>
      </TextLine>
      <TextLine id="region0001_line0022" custom="readingOrder {index:21;}">
        <Coords points="671,1386 665,1389 643,1387 631,1392 620,1392 613,1387 581,1390 548,1389 543,1386 469,1386 468,1427 508,1427 533,1432 542,1429 634,1430 674,1427 705,1432 820,1433 837,1438 939,1436 957,1433 964,1437 986,1439 1046,1437 1062,1439 1070,1445 1081,1439 1103,1439 1111,1444 1121,1438 1273,1440 1273,1400 1152,1401 1127,1398 1121,1394 1102,1397 1073,1394 1064,1399 1050,1393 1017,1395 939,1389 908,1390 879,1396 835,1394 820,1397 810,1392 788,1392 783,1388 771,1388 742,1396 737,1388 724,1390 705,1386"/>
        <Baseline points="468,1417 1273,1430"/>
        <Word id="region0001_line0022_word0000" custom="readingOrder {index:0;}">
          <Coords points="551,1396 481,1395 480,1427 508,1427 526,1430 536,1430 542,1429 550,1429"/>
          <TextEquiv conf="0.9224259">
            <Unicode>die&#x17F;e</Unicode>
          </TextEquiv>
        </Word>
        <Word id="region0001_line0022_word0001" custom="readingOrder {index:1;}">
          <Coords points="587,1399 628,1399 627,1428 586,1428"/>
          <TextEquiv conf="0.93094087">
            <Unicode>die</Unicode>
          </TextEquiv>
        </Word>
        <Word id="region0001_line0022_word0002" custom="readingOrder {index:2;}">
          <Coords points="885,1435 886,1398 665,1396 664,1427 674,1427 705,1432 820,1433 824,1434"/>
          <TextEquiv conf="0.92485183">
            <Unicode>Neisberge.</Unicode>
          </TextEquiv>
        </Word>
        <Word id="region0001_line0022_word0003" custom="readingOrder {index:3;}">
          <Coords points="1000,1435 1001,1400 938,1399 937,1434 949,1434 957,1433 959,1434"/>
          <TextEquiv conf="0.9233899">
            <Unicode>Alle</Unicode>
          </TextEquiv>
        </Word>
        <Word id="region0001_line0022_word0004" custom="readingOrder {index:4;}">
          <Coords points="1036,1399 1035,1437 1046,1437 1062,1439 1066,1442 1074,1442 1081,1439 1103,1439 1109,1443 1112,1443 1121,1438 1159,1438 1160,1401 1157,1400 1152,1401 1150,1400"/>
          <TextEquiv conf="0.93257225">
            <Unicode>be&#x17F;tehen</Unicode>
          </TextEquiv>
        </Word>
        <Word id="region0001_line0022_word0005" custom="readingOrder {index:5;}">
          <Coords points="1197,1405 1253,1406 1252,1434 1196,1433"/>
          <TextEquiv conf="0.9314125">
            <Unicode>aus</Unicode>
          </TextEquiv>
        </Word>
        <TextEquiv conf="0.9275989">
          <Unicode>die&#x17F;e die Neisberge. Alle be&#x17F;tehen aus</Unicode>
        </TextEquiv>
      </TextLine>
      <TextLine id="region0001_line0023" custom="readingOrder {index:22;}">
        <Coords points="662,1428 596,1433 542,1430 533,1433 508,1428 468,1428 469,1471 520,1473 569,1469 586,1473 658,1472 665,1476 737,1473 746,1477 754,1473 791,1477 835,1478 853,1474 860,1478 940,1480 947,1485 956,1485 963,1480 992,1479 1027,1482 1071,1483 1090,1480 1096,1484 1108,1485 1146,1485 1156,1482 1174,1486 1184,1482 1273,1485 1273,1443 1218,1440 1174,1443 1169,1440 1121,1439 1111,1445 1103,1440 1081,1440 1070,1446 1062,1440 1046,1438 977,1439 964,1438 957,1434 937,1438 837,1439 820,1434 717,1434"/>
        <Baseline points="469,1463 1273,1475"/>
        <Word id="region0001_line0023_word0000" custom="readingOrder {index:0;}">
          <Coords points="478,1435 552,1436 552,1467 478,1466"/>
          <TextEquiv conf="0.92369735">
            <Unicode>Kies</Unicode>
          </TextEquiv>
        </Word>
        <Word id="region0001_line0023_word0001" custom="readingOrder {index:1;}">
          <Coords points="575,1439 631,1440 631,1467 575,1466"/>
          <TextEquiv conf="0.93269837">
            <Unicode>und</Unicode>
          </TextEquiv>
        </Word>
        <Word id="region0001_line0023_word0002" custom="readingOrder {index:2;}">
          <Coords points="655,1432 655,1472 658,1472 664,1475 677,1475 737,1473 746,1477 746,1477 747,1476 747,1434 717,1434 710,1433"/>
          <TextEquiv conf="0.9293027">
            <Unicode>Sand</Unicode>
          </TextEquiv>
        </Word>
        <Word id="region0001_line0023_word0003" custom="readingOrder {index:3;}">
          <Coords points="771,1440 827,1441 827,1470 771,1469"/>
          <TextEquiv conf="0.92385834">
            <Unicode>und</Unicode>
          </TextEquiv>
        </Word>
        <Word id="region0001_line0023_word0004" custom="readingOrder {index:4;}">
          <Coords points="934,1438 850,1439 850,1475 853,1474 860,1478 940,1480 940,1480 962,1480 963,1480 992,1479 1014,1481 1014,1439 994,1439 977,1439 970,1438"/>
          <TextEquiv conf="0.9203028">
            <Unicode>vermehren</Unicode>
          </TextEquiv>
        </Word>
        <Word id="region0001_line0023_word0005" custom="readingOrder {index:5;}">
          <Coords points="1032,1443 1032,1472 1090,1473 1090,1444 1074,1443 1070,1446 1066,1443"/>
          <TextEquiv conf="0.9292992">
            <Unicode>das</Unicode>
          </TextEquiv>
        </Word>
        <Word id="word_1655189596471_428" custom="readingOrder {index:6;}">
          <Coords points="1110,1444 1116,1442 1219,1440 1255,1442 1255,1484 1110,1481"/>
          <TextEquiv>
            <Unicode>Reizende</Unicode>
          </TextEquiv>
        </Word>
        <TextEquiv>
          <Unicode>Kies und Sand und vermehren das Reizende</Unicode>
        </TextEquiv>
      </TextLine>
      <TextLine id="region0001_line0024" custom="readingOrder {index:23;}">
        <Coords points="558,1470 520,1474 469,1472 468,1512 546,1516 591,1515 598,1520 629,1516 698,1516 776,1520 863,1520 892,1523 979,1524 986,1529 994,1528 999,1522 1012,1521 1033,1526 1066,1523 1073,1525 1078,1531 1095,1526 1149,1529 1210,1524 1238,1532 1273,1533 1272,1489 1235,1489 1226,1487 1220,1483 1184,1483 1177,1487 1166,1486 1163,1483 1108,1486 1096,1485 1090,1481 1065,1485 992,1480 946,1486 941,1482 868,1481 853,1475 835,1479 804,1479 754,1474 746,1478 737,1474 604,1476"/>
        <Baseline points="468,1502 1273,1522"/>
        <Word id="region0001_line0024_word0000" custom="readingOrder {index:0;}">
          <Coords points="480,1481 527,1482 526,1510 479,1509"/>
          <TextEquiv conf="0.9247268">
            <Unicode>der</Unicode>
          </TextEquiv>
        </Word>
        <Word id="region0001_line0024_word0001" custom="readingOrder {index:1;}">
          <Coords points="680,1481 550,1479 549,1515 591,1515 594,1517 613,1517 629,1516 679,1516"/>
          <TextEquiv conf="0.92849755">
            <Unicode>Gegend.</Unicode>
          </TextEquiv>
        </Word>
        <Word id="region0001_line0024_word0002" custom="readingOrder {index:2;}">
          <Coords points="727,1481 809,1482 808,1516 726,1515"/>
          <TextEquiv conf="0.92404276">
            <Unicode>Man</Unicode>
          </TextEquiv>
        </Word>
        <Word id="region0001_line0024_word0003" custom="readingOrder {index:3;}">
          <Coords points="841,1483 910,1484 909,1516 840,1515"/>
          <TextEquiv conf="0.9240233">
            <Unicode>baut</Unicode>
          </TextEquiv>
        </Word>
        <Word id="region0001_line0024_word0004" custom="readingOrder {index:4;}">
          <Coords points="1008,1487 932,1486 931,1523 979,1524 979,1524 996,1524 999,1522 1008,1521"/>
          <TextEquiv conf="0.9276163">
            <Unicode>mei&#x17F;t</Unicode>
          </TextEquiv>
        </Word>
        <Word id="region0001_line0024_word0005" custom="readingOrder {index:5;}">
          <Coords points="1030,1485 1029,1525 1033,1526 1066,1523 1073,1525 1074,1526 1092,1526 1095,1526 1109,1526 1129,1527 1130,1486 1111,1485 1108,1486 1105,1485"/>
          <TextEquiv conf="0.91313434">
            <Unicode>rothen</Unicode>
          </TextEquiv>
        </Word>
        <Word id="region0001_line0024_word0006" custom="readingOrder {index:6;}">
          <Coords points="1153,1488 1153,1524 1204,1525 1210,1524 1212,1525 1250,1525 1250,1489 1235,1489 1234,1489"/>
          <TextEquiv conf="0.9316812">
            <Unicode>Wein,</Unicode>
          </TextEquiv>
        </Word>
        <TextEquiv conf="0.92481744">
          <Unicode>der Gegend. Man baut mei&#x17F;t rothen Wein,</Unicode>
        </TextEquiv>
      </TextLine>
      <TextLine id="region0001_line0025" custom="readingOrder {index:24;}">
        <Coords points="479,1512 468,1513 469,1554 594,1556 620,1559 647,1557 652,1560 695,1557 735,1560 751,1559 758,1563 788,1561 801,1566 806,1566 813,1561 900,1565 910,1562 924,1565 955,1563 966,1567 1001,1570 1015,1569 1024,1565 1091,1567 1121,1571 1272,1570 1273,1534 1238,1533 1210,1525 1180,1529 1093,1528 1078,1532 1073,1526 1066,1524 1050,1527 1029,1527 1020,1523 1004,1522 992,1530 986,1530 980,1526 915,1526 863,1521 788,1522 743,1518 698,1517 676,1520 629,1517 598,1521 591,1516 542,1517"/>
        <Baseline points="469,1544 1273,1561"/>
        <Word id="region0001_line0025_word0000" custom="readingOrder {index:0;}">
          <Coords points="478,1523 527,1524 527,1552 478,1551"/>
          <TextEquiv conf="0.93069977">
            <Unicode>der</Unicode>
          </TextEquiv>
        </Word>
        <Word id="region0001_line0025_word0001" custom="readingOrder {index:1;}">
          <Coords points="550,1524 603,1525 603,1554 550,1553"/>
          <TextEquiv conf="0.92822737">
            <Unicode>mit</Unicode>
          </TextEquiv>
        </Word>
        <Word id="region0001_line0025_word0002" custom="readingOrder {index:2;}">
          <Coords points="630,1527 692,1528 692,1555 630,1554"/>
          <TextEquiv conf="0.9194684">
            <Unicode>dem</Unicode>
          </TextEquiv>
        </Word>
        <Word id="region0001_line0025_word0003" custom="readingOrder {index:3;}">
          <Coords points="901,1563 901,1526 723,1524 723,1559 735,1560 751,1559 755,1561 778,1561 788,1561 789,1561 811,1561 813,1561 842,1562"/>
          <TextEquiv conf="0.9248452">
            <Unicode>Burgunder</Unicode>
          </TextEquiv>
        </Word>
        <Word id="region0001_line0025_word0004" custom="readingOrder {index:4;}">
          <Coords points="930,1534 968,1534 968,1557 930,1557"/>
          <TextEquiv conf="0.92699385">
            <Unicode>an</Unicode>
          </TextEquiv>
        </Word>
        <Word id="region0001_line0025_word0005" custom="readingOrder {index:5;}">
          <Coords points="997,1526 997,1526 997,1563 1088,1564 1088,1529 1078,1532 1073,1526 1052,1526 1050,1527 1029,1527 1027,1526"/>
          <TextEquiv conf="0.92594147">
            <Unicode>Farbe</Unicode>
          </TextEquiv>
        </Word>
        <Word id="region0001_line0025_word0006" custom="readingOrder {index:6;}">
          <Coords points="1113,1532 1169,1533 1169,1562 1113,1561"/>
          <TextEquiv conf="0.93249816">
            <Unicode>und</Unicode>
          </TextEquiv>
        </Word>
        <Word id="region0001_line0025_word0007" custom="readingOrder {index:7;}">
          <Coords points="1190,1528 1190,1562 1250,1563 1250,1533 1238,1533 1222,1528"/>
          <TextEquiv>
            <Unicode>Ge&#x2E17;</Unicode>
          </TextEquiv>
        </Word>
        <TextEquiv>
          <Unicode>der mit dem Burgunder an Farbe und Ge&#x2E17;</Unicode>
        </TextEquiv>
      </TextLine>
      <TextLine id="region0001_line0026" custom="readingOrder {index:25;}">
        <Coords points="483,1554 469,1555 468,1601 476,1604 485,1604 500,1598 561,1596 587,1600 608,1597 619,1601 683,1605 701,1605 706,1602 724,1605 736,1603 748,1610 754,1606 861,1606 897,1609 908,1616 924,1608 946,1605 979,1608 995,1605 1020,1613 1029,1610 1072,1614 1078,1610 1108,1610 1124,1614 1150,1616 1177,1612 1198,1619 1220,1616 1231,1622 1242,1617 1273,1617 1272,1571 1101,1573 1091,1568 1024,1566 1015,1570 1001,1571 961,1568 955,1564 925,1567 910,1563 900,1566 813,1562 806,1567 800,1567 788,1562 758,1564 751,1560 735,1561 695,1558 652,1561 647,1558 620,1560 585,1557 543,1559 514,1555"/>
        <Baseline points="468,1590 1273,1607"/>
        <Word id="region0001_line0026_word0000" custom="readingOrder {index:0;}">
          <Coords points="594,1568 477,1566 477,1604 485,1604 500,1598 561,1596 587,1600 594,1599"/>
          <TextEquiv conf="0.9253771">
            <Unicode>&#x17F;chmack</Unicode>
          </TextEquiv>
        </Word>
        <Word id="region0001_line0026_word0001" custom="readingOrder {index:1;}">
          <Coords points="616,1568 669,1569 669,1599 616,1598"/>
          <TextEquiv conf="0.9309937">
            <Unicode>viel</Unicode>
          </TextEquiv>
        </Word>
        <Word id="region0001_line0026_word0002" custom="readingOrder {index:2;}">
          <Coords points="881,1569 692,1567 692,1605 701,1605 706,1602 724,1605 736,1603 748,1610 754,1606 861,1606 881,1607"/>
          <TextEquiv conf="0.93079346">
            <Unicode>Aehnlichkeit</Unicode>
          </TextEquiv>
        </Word>
        <Word id="region0001_line0026_word0003" custom="readingOrder {index:3;}">
          <Coords points="903,1569 903,1613 903,1613 914,1613 924,1608 946,1605 979,1608 994,1605 994,1570 987,1570"/>
          <TextEquiv conf="0.92621416">
            <Unicode>haben</Unicode>
          </TextEquiv>
        </Word>
        <Word id="region0001_line0026_word0004" custom="readingOrder {index:4;}">
          <Coords points="1016,1572 1081,1573 1081,1609 1016,1608"/>
          <TextEquiv conf="0.9290586">
            <Unicode>&#x17F;oll,</Unicode>
          </TextEquiv>
        </Word>
        <Word id="region0001_line0026_word0005" custom="readingOrder {index:5;}">
          <Coords points="1115,1576 1172,1577 1172,1607 1115,1606"/>
          <TextEquiv conf="0.92957956">
            <Unicode>und</Unicode>
          </TextEquiv>
        </Word>
        <Word id="region0001_line0026_word0006" custom="readingOrder {index:6;}">
          <Coords points="1195,1574 1249,1575 1249,1615 1195,1614"/>
          <TextEquiv conf="0.92649734">
            <Unicode>fa&#x17F;t</Unicode>
          </TextEquiv>
        </Word>
        <TextEquiv conf="0.9283591">
          <Unicode>&#x17F;chmack viel Aehnlichkeit haben &#x17F;oll, und fa&#x17F;t</Unicode>
        </TextEquiv>
      </TextLine>
      <TextLine id="region0001_line0027" custom="readingOrder {index:26;}">
        <Coords points="550,1597 500,1599 485,1605 470,1603 469,1644 528,1648 547,1645 550,1648 571,1648 646,1641 657,1649 692,1643 723,1644 739,1653 776,1647 787,1651 880,1651 896,1655 927,1649 937,1653 967,1650 991,1657 1000,1657 1008,1653 1062,1653 1077,1656 1083,1660 1091,1658 1095,1653 1119,1658 1272,1660 1273,1619 1241,1619 1231,1623 1209,1617 1198,1620 1177,1613 1131,1616 1108,1611 1078,1611 1072,1615 1020,1614 995,1606 979,1609 959,1606 924,1609 908,1617 898,1611 861,1607 754,1607 748,1611 736,1604 638,1604 617,1603 608,1598 587,1601"/>
        <Baseline points="469,1634 1273,1650"/>
        <Word id="region0001_line0027_word0000" custom="readingOrder {index:0;}">
          <Coords points="476,1608 529,1609 529,1640 476,1639"/>
          <TextEquiv conf="0.9271122">
            <Unicode>alle</Unicode>
          </TextEquiv>
        </Word>
        <Word id="region0001_line0027_word0001" custom="readingOrder {index:1;}">
          <Coords points="640,1607 546,1606 545,1645 547,1645 550,1648 571,1648 639,1641"/>
          <TextEquiv conf="0.92419577">
            <Unicode>Jahre</Unicode>
          </TextEquiv>
        </Word>
        <Word id="region0001_line0027_word0002" custom="readingOrder {index:2;}">
          <Coords points="762,1612 653,1610 652,1645 657,1649 692,1643 723,1644 736,1651 746,1651 761,1649"/>
          <TextEquiv conf="0.93016696">
            <Unicode>gera&#x364;th.</Unicode>
          </TextEquiv>
        </Word>
        <Word id="region0001_line0027_word0003" custom="readingOrder {index:3;}">
          <Coords points="799,1611 873,1612 873,1646 799,1645"/>
          <TextEquiv conf="0.92704445">
            <Unicode>Seit</Unicode>
          </TextEquiv>
        </Word>
        <Word id="region0001_line0027_word0004" custom="readingOrder {index:4;}">
          <Coords points="928,1622 891,1621 890,1651 913,1652 927,1649 927,1649"/>
          <TextEquiv conf="0.37503818">
            <Unicode>50</Unicode>
          </TextEquiv>
        </Word>
        <Word id="region0001_line0027_word0005" custom="readingOrder {index:5;}">
          <Coords points="943,1610 942,1652 946,1652 967,1650 974,1652 1058,1653 1058,1614 1020,1614 1009,1610"/>
          <TextEquiv conf="0.92889357">
            <Unicode>Jahren</Unicode>
          </TextEquiv>
        </Word>
        <Word id="region0001_line0027_word0006" custom="readingOrder {index:6;}">
          <Coords points="1105,1655 1106,1615 1073,1615 1072,1655 1093,1655 1095,1653 1105,1655"/>
          <TextEquiv conf="0.9258486">
            <Unicode>i&#x17F;t</Unicode>
          </TextEquiv>
        </Word>
        <Word id="region0001_line0027_word0007" custom="readingOrder {index:7;}">
          <Coords points="1119,1625 1149,1626 1149,1650 1119,1649"/>
          <TextEquiv conf="0.9328964">
            <Unicode>er</Unicode>
          </TextEquiv>
        </Word>
        <Word id="region0001_line0027_word0008" custom="readingOrder {index:8;}">
          <Coords points="1163,1617 1163,1648 1248,1649 1248,1619 1241,1619 1231,1623 1211,1617 1207,1617 1198,1620 1189,1617"/>
          <TextEquiv conf="0.92551935">
            <Unicode>kaum</Unicode>
          </TextEquiv>
        </Word>
        <TextEquiv conf="0.8663017">
          <Unicode>alle Jahre gera&#x364;th. Seit 50 Jahren i&#x17F;t er kaum</Unicode>
        </TextEquiv>
      </TextLine>
      <TextLine id="region0001_line0028" custom="readingOrder {index:27;}">
        <Coords points="635,1642 629,1645 605,1645 597,1649 587,1647 550,1649 546,1646 534,1646 529,1649 468,1648 469,1694 482,1695 499,1688 512,1690 518,1687 625,1689 638,1692 657,1686 680,1689 700,1686 717,1693 733,1690 761,1693 767,1696 778,1696 783,1693 855,1692 861,1695 875,1695 882,1699 898,1695 923,1698 936,1693 1007,1700 1055,1695 1084,1698 1092,1702 1100,1698 1118,1702 1156,1704 1190,1700 1203,1706 1219,1700 1232,1701 1237,1704 1273,1703 1272,1663 1141,1661 1097,1654 1087,1661 1062,1654 1006,1655 991,1658 967,1651 937,1654 927,1650 896,1656 880,1652 787,1652 775,1648 739,1654 723,1645 692,1644 657,1650 646,1642"/>
        <Baseline points="469,1683 646,1677 1273,1693"/>
        <Word id="region0001_line0028_word0000" custom="readingOrder {index:0;}">
          <Coords points="603,1652 474,1650 474,1689 495,1689 499,1688 509,1689 512,1689 518,1687 603,1688"/>
          <TextEquiv conf="0.931364">
            <Unicode>zweimal</Unicode>
          </TextEquiv>
        </Word>
        <Word id="region0001_line0028_word0001" custom="readingOrder {index:1;}">
          <Coords points="660,1651 632,1650 632,1689 645,1689 657,1686 660,1686"/>
          <TextEquiv conf="0.92505294">
            <Unicode>&#x17F;o</Unicode>
          </TextEquiv>
        </Word>
        <Word id="region0001_line0028_word0002" custom="readingOrder {index:2;}">
          <Coords points="690,1651 690,1688 700,1686 710,1690 731,1690 733,1690 737,1690 796,1691 796,1652 787,1652 787,1652 753,1652 739,1654 734,1651"/>
          <TextEquiv conf="0.9229424">
            <Unicode>&#x17F;chlecht</Unicode>
          </TextEquiv>
        </Word>
        <Word id="region0001_line0028_word0003" custom="readingOrder {index:3;}">
          <Coords points="824,1653 824,1692 855,1692 859,1694 930,1695 936,1693 960,1695 1023,1696 1023,1655 1012,1654 1006,1655 991,1658 979,1654 907,1653 896,1656 886,1653"/>
          <TextEquiv conf="0.9248142">
            <Unicode>ausgefallen,</Unicode>
          </TextEquiv>
        </Word>
        <Word id="region0001_line0028_word0004" custom="readingOrder {index:4;}">
          <Coords points="1052,1655 1052,1693 1106,1694 1106,1656 1094,1655 1087,1661 1066,1655"/>
          <TextEquiv conf="0.9298957">
            <Unicode>da&#xDF;</Unicode>
          </TextEquiv>
        </Word>
        <Word id="region0001_line0028_word0005" custom="readingOrder {index:5;}">
          <Coords points="1137,1665 1166,1666 1166,1691 1137,1690"/>
          <TextEquiv conf="0.9329572">
            <Unicode>er</Unicode>
          </TextEquiv>
        </Word>
        <Word id="region0001_line0028_word0006" custom="readingOrder {index:6;}">
          <Coords points="1194,1665 1247,1666 1247,1695 1194,1694"/>
          <TextEquiv conf="0.9293222">
            <Unicode>gar</Unicode>
          </TextEquiv>
        </Word>
        <TextEquiv conf="0.9280498">
          <Unicode>zweimal &#x17F;o &#x17F;chlecht ausgefallen, da&#xDF; er gar</Unicode>
        </TextEquiv>
      </TextLine>
      <TextLine id="region0001_line0029" custom="readingOrder {index:28;}">
        <Coords points="657,1687 638,1693 625,1690 577,1693 518,1688 512,1691 499,1689 482,1696 469,1695 468,1732 503,1733 523,1738 533,1735 559,1735 571,1740 586,1732 627,1734 650,1733 656,1730 730,1733 768,1740 778,1740 782,1737 832,1738 844,1741 851,1736 895,1733 916,1737 938,1735 944,1739 1015,1744 1092,1744 1101,1738 1108,1743 1180,1744 1187,1749 1198,1744 1233,1749 1272,1749 1273,1705 1219,1701 1203,1707 1190,1701 1136,1704 1111,1702 1105,1699 1092,1703 1084,1699 1065,1697 1007,1701 954,1698 948,1694 936,1694 923,1699 898,1696 888,1700 855,1693 767,1697 761,1694 733,1691 717,1694 700,1687 680,1690"/>
        <Baseline points="469,1722 727,1722 1272,1739"/>
        <Word id="region0001_line0029_word0000" custom="readingOrder {index:0;}">
          <Coords points="473,1732 546,1733 547,1696 484,1695 482,1696 473,1695"/>
          <TextEquiv conf="0.92497027">
            <Unicode>nicht</Unicode>
          </TextEquiv>
        </Word>
        <Word id="region0001_line0029_word0001" custom="readingOrder {index:1;}">
          <Coords points="602,1703 570,1702 569,1738 574,1738 586,1732 601,1732"/>
          <TextEquiv conf="0.9308226">
            <Unicode>zu</Unicode>
          </TextEquiv>
        </Word>
        <Word id="region0001_line0029_word0002" custom="readingOrder {index:2;}">
          <Coords points="625,1695 733,1696 732,1729 624,1728"/>
          <TextEquiv conf="0.9294643">
            <Unicode>trinken</Unicode>
          </TextEquiv>
        </Word>
        <Word id="region0001_line0029_word0003" custom="readingOrder {index:3;}">
          <Coords points="884,1700 762,1699 761,1737 782,1737 782,1737 797,1737 849,1738 851,1736 883,1734"/>
          <TextEquiv conf="0.9265799">
            <Unicode>gewe&#x17F;en</Unicode>
          </TextEquiv>
        </Word>
        <Word id="region0001_line0029_word0004" custom="readingOrder {index:4;}">
          <Coords points="906,1701 993,1702 992,1733 905,1732"/>
          <TextEquiv conf="0.612304">
            <Unicode>wa&#x364;re.</Unicode>
          </TextEquiv>
        </Word>
        <Word id="region0001_line0029_word0005" custom="readingOrder {index:5;}">
          <Coords points="1044,1700 1043,1736 1152,1738 1152,1703 1136,1704 1111,1702 1109,1701 1098,1701 1092,1703 1087,1700"/>
          <TextEquiv conf="0.90169084">
            <Unicode>Selten</Unicode>
          </TextEquiv>
        </Word>
        <Word id="region0001_line0029_word0006" custom="readingOrder {index:6;}">
          <Coords points="1182,1703 1181,1745 1181,1745 1195,1745 1198,1744 1208,1745 1246,1746 1247,1704 1212,1703 1203,1707 1195,1703"/>
          <TextEquiv conf="0.9246261">
            <Unicode>hebt</Unicode>
          </TextEquiv>
        </Word>
        <TextEquiv conf="0.87863684">
          <Unicode>nicht zu trinken gewe&#x17F;en wa&#x364;re. Selten hebt</Unicode>
        </TextEquiv>
      </TextLine>
      <TextLine id="region0001_line0030" custom="readingOrder {index:29;}">
        <Coords points="656,1731 647,1736 614,1738 586,1733 571,1741 557,1737 523,1739 468,1735 469,1777 570,1778 578,1780 584,1788 593,1788 601,1779 787,1776 831,1782 853,1788 883,1788 888,1792 918,1787 924,1792 935,1792 941,1785 1034,1789 1040,1796 1050,1796 1056,1790 1075,1791 1081,1800 1135,1796 1141,1791 1151,1796 1198,1790 1273,1791 1272,1751 1200,1745 1188,1750 1180,1745 1117,1745 1108,1744 1101,1739 1092,1745 997,1745 949,1741 938,1736 916,1738 895,1734 851,1737 844,1742 832,1740 790,1745 757,1738 691,1736 686,1731"/>
        <Baseline points="469,1767 791,1767 864,1777 1064,1777 1096,1789"/>
        <Word id="region0001_line0030_word0000" custom="readingOrder {index:0;}">
          <Coords points="473,1748 542,1749 542,1773 473,1772"/>
          <TextEquiv conf="0.9118007">
            <Unicode>man</Unicode>
          </TextEquiv>
        </Word>
        <Word id="region0001_line0030_word0001" custom="readingOrder {index:1;}">
          <Coords points="621,1742 572,1741 572,1778 578,1780 580,1783 596,1783 601,1779 621,1778"/>
          <TextEquiv conf="0.9311256">
            <Unicode>ihn</Unicode>
          </TextEquiv>
        </Word>
        <Word id="region0001_line0030_word0002" custom="readingOrder {index:2;}">
          <Coords points="650,1741 718,1742 718,1777 650,1776"/>
          <TextEquiv conf="0.59012926">
            <Unicode>u&#x364;ber</Unicode>
          </TextEquiv>
        </Word>
        <Word id="word_1655189656448_443" custom="readingOrder {index:3;}">
          <Coords points="734,1742 769,1742 769,1770 734,1770"/>
          <TextEquiv>
            <Unicode>1</Unicode>
          </TextEquiv>
        </Word>
        <Word id="region0001_line0030_word0003" custom="readingOrder {index:4;}">
          <Coords points="774,1753 842,1754 842,1776 774,1775"/>
          <TextEquiv conf="0.5848908">
            <Unicode> &#x2014;</Unicode>
          </TextEquiv>
        </Word>
        <Word id="region0001_line0030_word0004" custom="readingOrder {index:5;}">
          <Coords points="849,1738 844,1742 832,1740 830,1740 830,1781 831,1782 849,1786"/>
          <TextEquiv conf="0.74130094">
            <Unicode>2</Unicode>
          </TextEquiv>
        </Word>
        <Word id="region0001_line0030_word0005" custom="readingOrder {index:6;}">
          <Coords points="972,1744 877,1743 877,1787 916,1787 918,1787 919,1787 939,1788 941,1785 972,1786"/>
          <TextEquiv conf="0.9285501">
            <Unicode>Jahre</Unicode>
          </TextEquiv>
        </Word>
        <Word id="word_1655189381156_348" custom="readingOrder {index:7;}">
          <Coords points="1002,1750 1057,1750 1057,1789 1034,1789 1002,1787"/>
          <TextEquiv conf="0.92900014">
            <Unicode>auf</Unicode>
          </TextEquiv>
        </Word>
        <Word id="word_1655189381157_351" custom="readingOrder {index:8;}">
          <Coords points="1082,1745 1092,1745 1098,1741 1103,1741 1108,1744 1117,1745 1133,1745 1133,1789 1082,1789"/>
          <TextEquiv conf="0.897619">
            <Unicode>*).</Unicode>
          </TextEquiv>
        </Word>
        <Word id="region0001_line0030_word0008" custom="readingOrder {index:9;}">
          <Coords points="1178,1751 1245,1752 1245,1785 1178,1784"/>
          <TextEquiv conf="0.9289788">
            <Unicode>Der</Unicode>
          </TextEquiv>
        </Word>
        <TextEquiv>
          <Unicode>man ihn u&#x364;ber 1  &#x2014; 2 Jahre auf *). Der</Unicode>
        </TextEquiv>
      </TextLine>
      <TextEquiv>
        <Unicode>ver&#x17F;endet man, weil &#x17F;ie auf den Guben&#x17F;chen
Bergen am zeitig&#x17F;ten reif und am &#x17F;chmackhaf&#x2E17;
te&#x17F;ten werden, be&#x17F;onders in die umliegenden
Sta&#x364;dte. Die Fa&#x364;lle &#x17F;ind gar nicht &#x17F;elten, da&#xDF;
man in einem Monat fu&#x364;r 4000 Rthl. Aepfel,
fu&#x364;r 1800 Rthl. Birnen, fu&#x364;r 1600 &#x2014; 2000
Rthl. Kir&#x17F;chen und fu&#x364;r 800 &#x2014; 1000 Rthl.
Nu&#x364;&#x17F;&#x17F;e ausfu&#x364;hrte. Der harte Winter 1789
verdarb zwar einen gro&#x17F;en Theil der Frucht&#x2E17;
ba&#x364;ume, allein die Tha&#x364;tigkeit der Einwohner
&#x17F;orgte fu&#x364;r neue, die zum Theil &#x17F;chon wieder
Ausbeute geben. Einen eben &#x17F;o ergiebigen
Handelszweig liefern auch die Pflaumen und
Gemu&#x364;&#x17F;earten. Der hie&#x17F;ige Weinbau &#x17F;oll &#x17F;chon
zu Markgraf Konrads des Gro&#x17F;en Zeiten von
Rheini&#x17F;chen Ausgewanderten zuer&#x17F;t getrieben
worden &#x17F;eyn. Wenig&#x17F;tens hei&#x17F;en ietzt noch die
Gegenden, wo die a&#x364;lte&#x17F;ten Weinberge lie&#x2E17;
gen, die Rheini&#x17F;chen Berge. Ein Theil der
Weinberge liegt an der Lubus, der andre an
der Nei&#x17F;&#x17F;e; daher hei&#x17F;&#x17F;en iene die Lubus&#x2E17;,
die&#x17F;e die Neisberge. Alle be&#x17F;tehen aus
Kies und Sand und vermehren das Reizende
der Gegend. Man baut mei&#x17F;t rothen Wein,
der mit dem Burgunder an Farbe und Ge&#x2E17;
&#x17F;chmack viel Aehnlichkeit haben &#x17F;oll, und fa&#x17F;t
alle Jahre gera&#x364;th. Seit 50 Jahren i&#x17F;t er kaum
zweimal &#x17F;o &#x17F;chlecht ausgefallen, da&#xDF; er gar
nicht zu trinken gewe&#x17F;en wa&#x364;re. Selten hebt
man ihn u&#x364;ber  &#x2014; 2 Jahre auf auf *). *). Der 1</Unicode>
      </TextEquiv>
    </TextRegion>
    <TextRegion orientation="-0.7056123" type="catch-word" readingDirection="left-to-right" id="TextRegion_1655189385837_355" custom="readingOrder {index:1;} structure {type:catch-word;}">
      <Coords points="468,1789 1273,1789 1273,1832 468,1832"/>
      <TextLine id="region0001_line0031" custom="readingOrder {index:0;}">
        <Coords points="1228,1791 1151,1797 1141,1792 1135,1797 1106,1798 1099,1801 1098,1828 1103,1833 1206,1835 1216,1839 1241,1835 1272,1835 1273,1792"/>
        <Baseline points="1098,1822 1272,1825"/>
        <Word id="word_1655189385876_358" custom="readingOrder {index:0;}">
          <Coords points="1141,1797 1244,1799 1243,1832 1140,1832"/>
          <TextEquiv conf="0.8905452">
            <Unicode>wei&#x17F;&#x17F;e</Unicode>
          </TextEquiv>
        </Word>
        <TextEquiv conf="0.8905452">
          <Unicode>wei&#x17F;&#x17F;e</Unicode>
        </TextEquiv>
      </TextLine>
      <TextEquiv>
        <Unicode>wei&#x17F;&#x17F;e</Unicode>
      </TextEquiv>
    </TextRegion>
    <TextRegion orientation="-0.7056123" type="footnote" readingDirection="left-to-right" id="TextRegion_1655189385837_354" custom="readingOrder {index:2;} structure {type:footnote;}">
      <Coords points="468,1832 1273,1832 1273,1925 468,1925"/>
      <TextLine id="region0001_line0032" custom="readingOrder {index:0;}">
        <Coords points="507,1823 468,1824 469,1857 513,1859 513,1865 521,1870 541,1865 574,1869 618,1865 679,1873 729,1872 736,1868 762,1872 768,1868 798,1873 807,1869 836,1873 855,1869 860,1872 876,1871 902,1877 941,1874 951,1876 956,1873 985,1879 1015,1879 1025,1875 1036,1878 1052,1876 1062,1883 1069,1883 1079,1877 1083,1880 1147,1883 1156,1887 1173,1882 1205,1879 1273,1880 1272,1837 1235,1837 1202,1842 1161,1841 1149,1838 1110,1841 1103,1835 1093,1835 1084,1842 1049,1842 1043,1836 1031,1836 1026,1841 1018,1841 983,1839 970,1832 927,1833 923,1830 911,1830 906,1834 889,1830 884,1834 876,1834 857,1832 852,1828 836,1828 831,1832 817,1831 811,1827 797,1827 792,1831 782,1831 777,1827 699,1826 687,1829 671,1826 656,1832 621,1832 588,1825"/>
        <Baseline points="533,1857 1273,1872"/>
        <Word id="region0001_line0032_word0000" custom="readingOrder {index:0;}">
          <Coords points="534,1835 504,1835 504,1858 513,1859 513,1865 521,1870 534,1866"/>
          <TextEquiv>
            <Unicode>*)</Unicode>
          </TextEquiv>
        </Word>
        <Word id="region0001_line0032_word0001" custom="readingOrder {index:1;}">
          <Coords points="612,1835 552,1834 552,1865 607,1865 612,1865"/>
          <TextEquiv conf="0.91754615">
            <Unicode>Der</Unicode>
          </TextEquiv>
        </Word>
        <Word id="region0001_line0032_word0002" custom="readingOrder {index:2;}">
          <Coords points="698,1870 698,1836 626,1835 626,1866 651,1869"/>
          <TextEquiv conf="0.9127633">
            <Unicode>rothe</Unicode>
          </TextEquiv>
        </Word>
        <Word id="region0001_line0032_word0003" custom="readingOrder {index:3;}">
          <Coords points="851,1838 713,1836 713,1868 735,1868 736,1868 738,1868 767,1869 768,1868 773,1869 806,1869 807,1869 810,1869 850,1870 851,1870"/>
          <TextEquiv conf="0.5433605">
            <Unicode>Wein&#x17F;tock</Unicode>
          </TextEquiv>
        </Word>
        <Word id="region0001_line0032_word0004" custom="readingOrder {index:4;}">
          <Coords points="865,1838 928,1839 928,1871 865,1870"/>
          <TextEquiv conf="0.9318047">
            <Unicode>wird</Unicode>
          </TextEquiv>
        </Word>
        <Word id="region0001_line0032_word0005" custom="readingOrder {index:5;}">
          <Coords points="998,1875 998,1840 941,1839 941,1874 953,1874 956,1873 962,1874"/>
          <TextEquiv conf="0.92749125">
            <Unicode>hier</Unicode>
          </TextEquiv>
        </Word>
        <Word id="region0001_line0032_word0006" custom="readingOrder {index:6;}">
          <Coords points="1012,1841 1012,1871 1054,1871 1054,1842 1049,1842 1048,1841 1026,1841 1018,1841"/>
          <TextEquiv conf="0.9221962">
            <Unicode>nie</Unicode>
          </TextEquiv>
        </Word>
        <Word id="region0001_line0032_word0007" custom="readingOrder {index:7;}">
          <Coords points="1086,1840 1084,1842 1063,1842 1063,1879 1075,1879 1079,1877 1082,1879 1168,1880 1168,1841 1161,1841 1161,1841 1116,1841 1110,1841 1109,1840"/>
          <TextEquiv conf="0.9303156">
            <Unicode>gedeckt,</Unicode>
          </TextEquiv>
        </Word>
        <Word id="region0001_line0032_word0008" custom="readingOrder {index:8;}">
          <Coords points="1184,1842 1244,1843 1244,1872 1184,1871"/>
          <TextEquiv conf="0.92720485">
            <Unicode>weil</Unicode>
          </TextEquiv>
        </Word>
        <TextEquiv>
          <Unicode>*) Der rothe Wein&#x17F;tock wird hier nie gedeckt, weil</Unicode>
        </TextEquiv>
      </TextLine>
      <TextLine id="region0001_line0033" custom="readingOrder {index:1;}">
        <Coords points="511,1865 505,1869 503,1879 490,1878 485,1883 484,1904 489,1909 656,1915 692,1913 735,1916 756,1915 761,1919 771,1919 776,1915 796,1915 802,1920 811,1920 816,1916 835,1917 840,1920 852,1917 931,1918 948,1919 954,1924 962,1924 970,1919 1016,1925 1080,1925 1082,1922 1111,1925 1119,1922 1141,1922 1150,1915 1199,1921 1272,1921 1273,1881 1205,1880 1173,1883 1156,1888 1147,1884 1083,1881 1079,1878 1069,1884 1062,1884 1052,1877 1036,1879 1025,1876 1015,1880 985,1880 956,1874 951,1877 941,1875 902,1878 876,1872 860,1873 855,1870 836,1874 807,1870 798,1874 768,1869 762,1873 736,1869 729,1873 679,1874 618,1866 574,1870 541,1866 521,1871"/>
        <Baseline points="484,1899 1021,1913 1147,1907 1272,1911"/>
        <Word id="region0001_line0033_word0000" custom="readingOrder {index:0;}">
          <Coords points="583,1912 584,1878 540,1877 539,1910 554,1911"/>
          <TextEquiv conf="0.9318439">
            <Unicode>der</Unicode>
          </TextEquiv>
        </Word>
        <Word id="region0001_line0033_word0001" custom="readingOrder {index:1;}">
          <Coords points="599,1877 708,1878 707,1913 598,1912"/>
          <TextEquiv conf="0.93227434">
            <Unicode>Winter</Unicode>
          </TextEquiv>
        </Word>
        <Word id="region0001_line0033_word0002" custom="readingOrder {index:2;}">
          <Coords points="822,1879 729,1877 728,1915 735,1916 756,1915 758,1916 773,1916 776,1915 796,1915 799,1917 813,1917 816,1916 821,1916"/>
          <TextEquiv conf="0.9311505">
            <Unicode>a&#x364;u&#x17F;er&#x17F;t</Unicode>
          </TextEquiv>
        </Word>
        <Word id="region0001_line0033_word0003" custom="readingOrder {index:3;}">
          <Coords points="923,1880 841,1879 840,1917 851,1917 852,1917 922,1918"/>
          <TextEquiv conf="0.9300526">
            <Unicode>&#x17F;elten</Unicode>
          </TextEquiv>
        </Word>
        <Word id="region0001_line0033_word0004" custom="readingOrder {index:4;}">
          <Coords points="996,1920 997,1881 941,1880 940,1919 948,1919 948,1919 969,1920 970,1919 975,1920"/>
          <TextEquiv conf="0.9177664">
            <Unicode>ihm</Unicode>
          </TextEquiv>
        </Word>
        <Word id="region0001_line0033_word0005" custom="readingOrder {index:5;}">
          <Coords points="1019,1881 1018,1922 1082,1923 1082,1922 1089,1923 1116,1923 1117,1923 1118,1883 1101,1882 1073,1882 1069,1884 1062,1884 1058,1881"/>
          <TextEquiv conf="0.9257579">
            <Unicode>&#x17F;chadet</Unicode>
          </TextEquiv>
        </Word>
        <Word id="region0001_line0033_word0006" custom="readingOrder {index:6;}">
          <Coords points="1136,1897 1170,1898 1170,1906 1136,1905"/>
          <TextEquiv conf="0.9257579">
            <Unicode>&#x2014;</Unicode>
          </TextEquiv>
        </Word>
        <Word id="region0001_line0033_word0007" custom="readingOrder {index:7;}">
          <Coords points="1191,1889 1243,1890 1242,1917 1190,1916"/>
          <TextEquiv conf="0.9235666">
            <Unicode>nur</Unicode>
          </TextEquiv>
        </Word>
        <TextEquiv conf="0.92727125">
          <Unicode>der Winter a&#x364;u&#x17F;er&#x17F;t &#x17F;elten ihm &#x17F;chadet &#x2014; nur</Unicode>
        </TextEquiv>
      </TextLine>
      <TextEquiv>
        <Unicode>*) Der rothe Wein&#x17F;tock wird hier nie gedeckt, weil
der Winter a&#x364;u&#x17F;er&#x17F;t &#x17F;elten ihm &#x17F;chadet &#x2014; nur</Unicode>
      </TextEquiv>
    </TextRegion>
  </Page>
</PcGts>
