1741 2609
225 429 288 457 nun
309 424 363 456 der
394 425 473 466 letzte
500 421 572 460 noch
594 423 781 463 ungerecht,
817 429 906 457 wenn
934 428 965 454 er
993 421 1136 464 Zahlung
1164 429 1245 454 einer

197 488 360 523 Schuld,
393 484 438 515 die
472 483 528 522 ich
546 482 623 519 nicht
657 482 794 522 gemacht
817 482 914 520 habe,
953 481 1062 523 mithin
1089 483 1243 520 Duldung

220 551 304 588 jeder
328 546 428 586 Muͤhe
453 547 515 579 und
540 545 621 588 jeder
642 545 958 586 Unannehmlichkeit,
995 546 1041 578 die
1066 545 1140 584 dieſe
1162 544 1244 587 Zah⸗

198 618 296 646 lung
320 620 379 637 mir
403 616 462 638 nur
484 609 593 640 immer
615 606 813 645 verurſachen
835 606 937 644 kann,
958 611 1018 638 von
1042 604 1101 639 mir
1122 605 1244 643 fordert

200 687 284 718 und
312 685 490 715 annimmt?
520 696 567 710 —
609 671 670 706 Die
699 671 903 711 Anwendung
932 670 963 710 iſt
994 669 1086 710 leicht.
1128 669 1245 711 Jedoch

198 726 287 775 ihre
315 739 429 775 naͤhere
458 733 666 776 Ausfuͤhrung
700 730 814 767 darum
849 734 928 773 nicht
955 731 1146 775 uͤberfluͤſſig,
1175 732 1245 764 weil

205 826 283 849 bey
301 822 387 846 dem,
409 807 477 840 was
501 797 592 836 unſer
609 793 731 834 Erloͤſer
751 790 945 835 uͤbernahm,
971 794 1042 833 noch
1063 795 1157 829 vieles
1179 791 1250 833 hin⸗

203 877 408 913 zuzudenken
426 882 476 912 iſt,
499 879 567 903 was
584 868 619 901 in
640 855 724 897 jener
745 855 967 897 Vergleichung
998 855 1051 896 ſich
1079 855 1172 895 nicht
1187 851 1243 891 auf

198 942 334 979 einmal
354 948 432 980 ganz
457 940 515 965 mit
537 915 692 966 darſtellen
719 917 786 957 ließ.
802 933 846 962 —
873 923 945 958 Ein
975 921 1079 961 bloßer
1114 917 1245 961 Menſch

216 1000 284 1047 hat
295 991 417 1036 freylich
440 992 499 1022 das
519 987 615 1027 Recht
636 985 724 1026 nicht,
745 985 802 1018 mit
823 985 940 1026 ſeinem
954 989 1047 1023 Leben
1071 987 1146 1025 nach
1167 985 1248 1026 eige⸗

212 1068 291 1113 nem
312 1069 461 1095 Belieben
477 1059 521 1099 zu
546 1050 686 1089 ſchalten.
733 1048 778 1083 Er
804 1049 836 1089 iſt
866 1049 1035 1098 Geſchoͤpf;
1063 1050 1124 1091 ſein
1148 1047 1252 1085 Leben

220 1128 281 1171 ein
292 1125 530 1161 anvertrauetes
552 1110 640 1150 Gut;
667 1108 720 1141 der
733 1105 906 1146 eigentliche
923 1108 986 1139 und
1003 1107 1114 1148 einzige
1134 1102 1252 1139 unum⸗

215 1181 371 1237 ſchraͤnkte
398 1182 544 1214 Gebieter
569 1173 714 1212 deſſelben
738 1167 785 1208 iſt
810 1170 903 1207 Gott,
930 1173 985 1206 der
1014 1175 1048 1204 es
1077 1173 1138 1210 ihm
1169 1173 1244 1212 gab.

209 1246 275 1289 Er
283 1242 356 1290 muß
376 1242 411 1277 es
430 1234 621 1277 anwenden,
647 1235 704 1272 wie
725 1228 818 1270 dieſer
829 1229 918 1264 Gott
940 1231 974 1261 es
996 1227 1059 1270 ihm
1082 1235 1249 1268 anzuwen⸗

198 1313 281 1358 den
301 1313 441 1355 befohlen
467 1310 533 1343 hat.
586 1294 630 1335 Er
658 1289 731 1333 muß
759 1293 792 1325 es
820 1300 854 1334 zu
885 1291 1023 1333 erhalten
1052 1292 1175 1332 ſuchen,
1213 1292 1245 1331 ſo

204 1376 331 1426 lange,
353 1371 406 1413 bis
427 1368 507 1406 Gott
527 1372 610 1405 ſelbſt
633 1363 668 1407 es
688 1366 799 1395 wieder
820 1371 879 1397 von
911 1352 973 1395 ihm
995 1348 1098 1395 zuruͤck
1120 1357 1242 1387 nimmt.

220 1445 396 1483 Aufopfern
424 1439 498 1473 darf
524 1439 569 1473 er
584 1438 617 1470 es
641 1433 737 1470 nicht,
773 1425 824 1459 als
846 1424 876 1459 in
901 1424 1014 1465 ſolchen
1044 1423 1168 1466 Faͤllen,
1196 1430 1250 1456 wo

220 1508 284 1546 ihm
306 1504 386 1541 Gott
406 1500 453 1540 die
469 1491 685 1531 Aufopferung
703 1488 799 1529 ſeines
814 1489 928 1524 Lebens
943 1497 993 1530 zur
1010 1488 1119 1530 Pflicht
1135 1486 1246 1527 macht.

219 1583 312 1609 Nicht
341 1572 408 1604 dieß
435 1573 503 1597 war
525 1554 585 1590 das
617 1553 713 1592 Recht
742 1552 820 1596 Jeſu
850 1551 922 1588 uͤber
939 1550 1018 1594 ſein
1044 1553 1150 1588 Leben.
1205 1552 1246 1590 Er

219 1650 289 1671 war
316 1643 415 1668 Gott,
448 1626 513 1658 und
547 1610 745 1657 nothwendig
775 1615 839 1648 und
870 1616 961 1655 durch
997 1615 1050 1657 ſich
1079 1615 1163 1656 ſelbſt
1192 1614 1245 1654 da.

217 1707 350 1733 Sogar,
374 1696 424 1726 als
445 1680 590 1719 Menſch,
610 1687 678 1712 war
698 1680 733 1723 er
755 1681 838 1722 ſelbſt
860 1681 955 1722 ſeines
971 1681 1083 1714 Lebens
1098 1680 1244 1720 Urheber.

217 1765 356 1795 Heiliger
378 1754 481 1789 Geiſt
503 1737 650 1781 entgegen
671 1741 771 1784 geſetzt
793 1743 873 1780 dem,
894 1746 962 1776 was
985 1750 1043 1775 von
1061 1741 1173 1776 Maria
1197 1748 1246 1782 ge⸗

217 1834 314 1861 boren
337 1817 446 1850 ward,
466 1807 496 1847 d.
506 1812 528 1846 i.
551 1802 630 1843 Jeſu
650 1791 767 1841 hoͤhere
786 1800 925 1843 goͤttliche
947 1802 1075 1838 Natur,
1110 1807 1178 1834 war
1201 1802 1247 1834 es,

218 1886 266 1927 die
295 1882 343 1922 die
369 1884 557 1919 Entſtehung
588 1866 662 1912 und
685 1866 827 1907 Bildung
858 1865 954 1905 ſeiner
982 1865 1169 1906 Menſchheit
1198 1867 1249 1899 be⸗

215 1947 333 1987 wirkte.
373 1940 450 1980 Wie
474 1950 528 1979 der
559 1945 657 1973 Vater
680 1945 720 1967 —
749 1928 779 1969 ſo
800 1930 922 1971 bezeugt
949 1939 980 1964 er
1010 1929 1092 1972 ſelbſt
1122 1927 1198 1970 Joh.
1216 1935 1246 1965 5,

220 2012 272 2053 26.
295 2022 334 2050 —
355 2014 414 2046 das
438 2014 542 2041 Leben
560 2002 616 2038 hat
638 1997 670 2029 in
695 1998 761 2039 ihm
783 1997 894 2039 ſelber,
935 1999 998 2040 alſo
1026 1998 1082 2034 har
1112 2004 1145 2027 er
1176 2004 1247 2030 dem

222 2065 342 2109 Sohne
368 2068 524 2108 gegeben,
562 2076 600 2104 zu
626 2066 728 2110 haben
762 2069 820 2101 das
851 2068 955 2103 Leben
984 2069 1017 2101 in
1048 2069 1116 2109 ihm
1144 2068 1248 2106 ſelber.

219 2135 349 2168 Darum
371 2131 494 2171 ſchreibt
514 2139 546 2164 er
568 2132 643 2173 auch
674 2131 719 2165 die
743 2132 854 2172 Macht
875 2132 1002 2173 ſowohl,
1034 2132 1085 2164 als
1116 2130 1162 2166 die
1184 2132 1248 2167 Be⸗

216 2199 347 2234 fugniß,
375 2205 451 2236 uͤber
474 2199 534 2236 ſein
555 2194 649 2231 Leben
679 2192 752 2242 nach
780 2192 891 2232 ſeinem
914 2190 1060 2232 Gefallen
1087 2198 1120 2228 zu
1145 2182 1247 2231 gebie⸗
