1582 2136
239 423 376 454 nachdem
396 421 448 450 wir
467 417 552 446 dieses
571 412 673 444 schöne
689 406 821 440 Gebäude
838 403 959 434 betrach-

239 497 292 519 tet,
316 485 376 513 und
394 491 445 510 uns
465 475 619 515 vorgestellt
641 475 746 507 hatten,
771 469 858 497 welch
879 468 958 494 einen

244 550 399 579 herrlichen
424 541 518 571 Effekt
540 549 569 568 es
594 535 709 565 machen
734 531 846 564 würde,
878 535 961 555 wenn

245 624 312 638 man
333 613 371 635 sie
393 606 452 632 hier
473 598 654 638 angewendet
677 594 734 624 und
755 594 799 622 die
818 589 961 619 Vollkom-

249 673 373 703 menheit
397 668 445 697 der
470 667 555 695 Form
585 661 674 692 durch
705 660 750 688 die
779 655 877 685 Pracht
908 652 965 680 und

249 731 475 771 Vortreflichkeit
512 730 562 758 des
601 725 685 756 Stoffs
726 721 842 751 erhöhet
881 719 965 746 hätte.

252 801 338 835 Aber,
359 795 417 826 daſs
435 794 492 822 sich
510 800 565 820 nur
583 785 713 818 niemand
733 787 761 813 in
780 781 904 811 Zukunft
923 778 974 807 auf

255 865 310 892 den
330 855 503 889 Geschmack
523 854 571 883 der
590 848 759 879 vermeinten
774 844 972 874 Kunstkenner

255 924 389 956 verlasse!
432 921 515 951 Diese
547 916 649 947 Kirche
681 912 739 941 und
772 910 886 947 Crayers
915 906 970 935 Ge-

257 987 350 1017 mälde
382 985 425 1013 bei
456 981 510 1010 den
538 976 677 1015 Beguinen
712 974 788 1001 hatte
825 978 889 996 man
922 974 974 994 uns

260 1055 314 1079 mit
330 1043 540 1077 Achselzucken
561 1044 688 1076 genannt.
727 1033 818 1064 Dafür
836 1032 918 1060 loben
938 1029 976 1055 sie

263 1125 315 1143 uns
346 1113 394 1142 das
421 1108 514 1139 Portal
544 1105 595 1133 der
623 1095 888 1139 Augustinerkirche
918 1093 976 1122 und

263 1173 464 1207 Landschaften
485 1178 540 1198 von
558 1164 709 1206 Breughel!

320 1242 378 1269 Der
405 1235 484 1267 Abbé
508 1232 617 1264 Mann,
650 1228 695 1256 ein
721 1224 789 1254 alter
815 1218 978 1260 Engländer,

267 1299 429 1333 verschaffte
460 1306 511 1327 uns
538 1289 732 1332 Gelegenheit,
760 1288 807 1316 das
835 1282 980 1314 Gemälde-

270 1366 380 1396 kabinet
402 1362 449 1391 des
471 1357 591 1398 hiesigen
614 1351 771 1393 Banquiers,
794 1349 885 1377 Hern
907 1347 984 1375 Dan-

272 1432 330 1462 hot,
355 1434 390 1453 zu
410 1423 504 1457 sehen,
528 1418 586 1448 und
607 1417 653 1446 ich
673 1417 746 1444 kann
769 1409 846 1440 nicht
868 1420 900 1438 zu
919 1406 984 1437 früh

274 1504 328 1521 von
350 1491 438 1518 dieser
459 1482 651 1514 vortreſlichen
669 1474 828 1514 Sammlung
843 1469 986 1510 sprechen,

276 1558 321 1586 die
349 1554 425 1585 mich
456 1550 554 1578 mitten
583 1548 609 1574 in
639 1541 746 1572 Brüssel
778 1549 807 1567 so
835 1535 989 1575 angenehm

277 1631 313 1649 an
344 1614 512 1649 italienische
544 1612 636 1641 Kunst
670 1607 727 1636 und
758 1606 817 1635 ihre
847 1601 988 1633 Vollkom-
