1821 2379
865 532 1002 584 uͤbrigen
1024 540 1135 589 dieſem
1159 541 1367 597 Pædagogio
1397 549 1512 602 Regio
1545 559 1710 596 dienenden

865 585 1037 637 Perſonen
1052 598 1113 629 neu
1127 592 1261 635 erbauet
1278 601 1346 638 und
1360 600 1556 652 angerichtet
1570 610 1711 650 werden/

864 633 943 679 auch
959 634 1075 682 vorhin
1091 637 1169 686 noch
1185 651 1237 681 nie
1251 644 1287 682 in
1300 638 1468 686 Cataſtro
1480 650 1636 700 geweſen/
1650 660 1707 698 von

860 687 943 728 allen
961 684 1142 730 Oneribus
1156 693 1394 748 perſonalibus
1408 703 1477 745 und
1487 702 1637 759 realibus
1644 706 1710 756 frey

859 738 934 789 ſeyn
947 748 1016 784 und
1032 742 1155 787 bleiben
1170 748 1286 797 ſollen;
1311 753 1386 794 Und
1401 759 1446 794 da

905 805 944 833 11.
970 794 1047 839 Die
1057 795 1214 844 Lehrende
1229 801 1263 850 ſo
1274 801 1364 851 wohl
1387 809 1441 847 als
1448 806 1607 852 Lernende
1628 812 1710 861 ſamt

855 842 939 882 allen
948 840 1083 891 uͤbrigen
1093 845 1258 900 Perſonen
1268 854 1318 896 die
1324 852 1710 912 Conſumrions ⸗ Acci-

854 893 890 931 ſe
903 893 1076 939 entrichten
1101 895 1249 954 muͤſſen/
1258 896 1289 954 ſo
1295 905 1480 952 verordnen
1492 910 1580 956 Wir
1593 915 1707 960 hiemit

850 939 1111 996 allergnaͤdigſt/
1109 942 1166 1002 daß
1186 955 1286 994 einem
1301 948 1398 1003 jeden
1403 953 1617 1012 Præceptori
1631 965 1702 1006 Or-

851 995 1010 1040 dinario/
1019 1006 1116 1045 deren
1129 1002 1214 1054 Zahl
1230 1007 1284 1049 bis
1295 1004 1424 1063 Zwoͤlfe
1439 1016 1512 1064 ſeyn
1528 1016 1604 1064 ſoll/
1613 1018 1713 1069 jaͤhr⸗

850 1048 907 1091 lich
918 1045 1044 1097 Sechs
1059 1051 1184 1101 Thaler
1199 1062 1267 1098 aus
1287 1064 1344 1100 der
1370 1061 1675 1110 Acciſe - Caſſa
1658 1064 1703 1123 an

848 1096 985 1141 baarem
997 1100 1109 1144 Gelde
1123 1101 1235 1154 zuruͤck
1249 1108 1390 1154 gegeben
1405 1119 1573 1158 werde.

890 1145 940 1185 12.
964 1142 1059 1188 Uber
1059 1147 1136 1191 dem
1150 1149 1236 1177 thun
1258 1151 1330 1194 Wir
1348 1157 1429 1205 auch
1436 1160 1487 1198 die
1492 1171 1704 1216 Verſehung

847 1205 964 1246 wegen
973 1205 1064 1243 derer
1080 1202 1287 1250 Lernenden/
1299 1210 1339 1260 ſo
1351 1215 1386 1254 in
1401 1212 1524 1264 dieſem
1524 1216 1701 1271 Pædago-

842 1246 903 1295 gio
919 1244 1032 1304 Regio
1047 1259 1086 1299 zu
1099 1247 1364 1310 Academiſchen
1377 1261 1510 1309 Studiis
1525 1256 1698 1318 zubereitet

841 1302 993 1350 werden/
1005 1302 1068 1351 daß
1081 1304 1258 1356 dieſelben/
1272 1319 1367 1356 wenn
1384 1308 1558 1367 Stipendia
1568 1315 1601 1370 in
1633 1312 1698 1375 Un⸗

840 1354 925 1403 ſerm
935 1353 1184 1412 Hertzogthum
1215 1363 1447 1419 Magdeburg
1465 1378 1516 1424 zu
1524 1372 1703 1424 vergeben

838 1403 963 1455 ſeynd/
969 1410 1031 1449 mit
1044 1415 1124 1458 dazu
1136 1411 1349 1454 admittiret/
1371 1420 1526 1454 Auch

888 1454 934 1493 13.
954 1454 1079 1493 Wenn
1090 1454 1165 1480 Sie
1182 1456 1249 1487 ihre
1265 1460 1385 1483 Studia
1401 1454 1565 1507 gruͤndlich
1581 1470 1692 1517 traƈti-

836 1506 901 1543 ret/
921 1507 955 1546 in
968 1501 1240 1557 humanioribus
1240 1510 1375 1561 Studiis
1389 1520 1439 1560 ein
1447 1514 1548 1566 gutes
1561 1516 1689 1568 funda-

834 1565 939 1597 ment
953 1558 1103 1609 geleget/
1109 1568 1172 1607 und
1194 1562 1316 1620 wegen
1334 1570 1424 1620 ihres
1446 1569 1686 1630 Wohlverhal⸗

833 1610 911 1650 tens
926 1604 1000 1652 von
1000 1607 1083 1655 dem
1097 1612 1291 1662 Direƈtore
1308 1623 1360 1663 ein
1379 1621 1475 1676 gutes
1489 1619 1622 1682 Zeugniß
1637 1639 1688 1670 er⸗

832 1661 971 1708 langet/
971 1663 1053 1712 auch
1066 1663 1259 1717 nachmahls
1270 1670 1334 1725 auf
1343 1674 1486 1727 Unſerer
1493 1678 1617 1730 daſigen
1630 1676 1687 1726 U-

830 1709 1010 1759 niverſitaͤt
1031 1715 1173 1766 gleichen
1190 1720 1286 1772 Fleiß
1310 1730 1374 1770 und
1380 1720 1693 1785 Wohlverhalten

828 1759 999 1813 bewieſen/
1007 1768 1048 1809 in
1060 1769 1183 1818 Unſern
1195 1773 1324 1818 Landen
1336 1780 1419 1821 und
1426 1778 1631 1834 Provincien
1631 1783 1691 1836 zu

826 1818 942 1857 denen
962 1818 1234 1868 Ehren⸗Aemtern
1250 1829 1319 1869 und
1332 1828 1605 1881 Bedienungen/
1610 1846 1683 1877 wo⸗

824 1873 861 1913 zu
876 1863 918 1913 ſie
939 1874 992 1907 vor
1013 1869 1127 1913 andern
1140 1865 1266 1929 capable
1281 1869 1403 1933 ſeynd/
1421 1872 1592 1939 befoͤrdert
1602 1884 1680 1940 wer⸗

820 1923 883 1959 den
899 1919 1034 1967 ſollen.

868 1967 920 2008 14.
949 1967 1033 1992 Und.
1045 1961 1151 1993 damit
1163 1967 1246 1998 alles
1262 1965 1451 2009 Aergerniß
1461 1967 1521 2005 der
1532 1967 1676 2019 Jugend

818 2022 878 2061 um
891 2018 926 2070 ſo
938 2019 1004 2065 viel
1008 2023 1107 2074 mehr
1118 2023 1272 2079 verhuͤtet
1282 2031 1418 2083 werde/
1429 2034 1465 2087 ſo
1489 2041 1679 2084 verordnen
