1809 2764
777 511 889 553 Wenn
909 518 975 546 nun
999 506 1074 544 aber
1096 504 1173 551 auch
1195 501 1283 552 ſchon
1307 501 1354 539 die
1369 499 1511 549 Freuden
1527 498 1591 536 und

668 564 768 605 Leiden
791 567 843 600 der
867 558 1126 611 Vergangenheit
1147 555 1201 605 fuͤr
1223 563 1285 594 uns
1309 556 1370 605 auf
1390 553 1501 593 immer
1522 557 1593 590 vor⸗

670 617 746 657 uͤber
762 617 848 664 ſind,
877 613 908 664 ſo
923 610 1050 651 wuͤrden
1067 610 1126 649 wir
1140 600 1215 656 doch
1231 607 1358 653 unrecht
1378 606 1474 654 thun,
1501 612 1596 640 wenn

672 679 733 718 wir
749 684 784 714 es
800 669 1057 727 verabſaͤumten,
1089 671 1179 720 heute
1197 669 1283 708 einen
1298 668 1389 709 Blick
1410 667 1509 716 hinter
1529 668 1595 706 uns

671 752 709 788 zu
730 740 866 787 werfen,
901 743 966 777 und
989 737 1045 778 die
1058 733 1187 784 Wege
1213 739 1254 783 zu
1280 726 1506 782 betrachten,
1538 725 1601 774 auf

672 797 806 844 welchen
820 793 877 832 wir
894 794 944 832 bis
962 790 1058 841 dahin
1083 789 1253 836 gewandelt
1267 788 1363 834 ſind;
1388 785 1447 823 wir
1469 781 1599 823 wuͤrden

672 853 799 900 unrecht
814 851 912 900 thun,
937 858 1030 887 wenn
1046 846 1104 885 wir
1125 845 1190 893 auf
1204 844 1251 882 die
1273 841 1465 891 mancherley
1482 838 1599 889 Erfah⸗

673 914 814 955 rungen,
838 904 885 942 die
901 903 961 943 wir
981 896 1082 949 dabey
1103 898 1244 946 gemacht
1265 888 1386 945 haben,
1415 894 1498 942 nicht
1521 902 1601 932 mer⸗

675 969 751 1016 ken,
775 968 839 1003 und
858 970 891 1001 es
906 957 1162 1011 vernachlaͤßigen
1181 957 1325 1006 wollten,
1348 958 1476 998 daraus
1491 952 1602 996 Weis⸗

677 1027 739 1077 heit
753 1039 789 1075 zu
806 1021 914 1065 lernen
926 1026 982 1075 fuͤr
995 1026 1043 1063 die
1056 1015 1203 1073 Zukunft.
1232 1018 1286 1050 —
1317 1013 1382 1069 Jhr
1403 1002 1480 1071 alle,
1503 1012 1605 1055 meine

677 1084 813 1128 Bruͤder
828 1084 893 1121 und
923 1072 1134 1132 Schweſtern,
1156 1068 1277 1121 werdet
1295 1075 1392 1122 daher
1411 1068 1511 1120 gewiß
1532 1078 1606 1117 gern

679 1143 776 1190 einige
784 1138 986 1187 Augenblicke
1002 1137 1061 1178 mit
1074 1136 1137 1176 mir
1151 1134 1331 1185 ſtillſtehen,
1346 1135 1411 1171 und
1428 1134 1495 1172 den
1504 1125 1606 1178 Weg

679 1195 906 1249 betrachten,
934 1194 1066 1246 welchen
1089 1190 1168 1243 wir,
1197 1191 1258 1231 mit
1273 1189 1393 1231 Gottes
1408 1184 1541 1237 Huͤlfe,
1556 1194 1607 1229 zu⸗

678 1252 844 1302 ruͤckgelegt
858 1248 970 1299 haben.
983 1242 1052 1284 —
1063 1240 1167 1298 Bey
1173 1240 1264 1300 dieſer
1280 1240 1518 1292 Veranlaſſung
1532 1245 1609 1278 wer⸗

677 1308 716 1343 de
731 1304 774 1356 ich
790 1301 861 1352 euch
877 1304 963 1339 dann
978 1299 1053 1337 aber
1070 1297 1147 1347 auch

796 1387 875 1440 auf
890 1387 952 1433 die
975 1380 1325 1440 Empfindungen,
1350 1374 1611 1437 Hoffnungen

797 1450 881 1502 und
895 1443 1241 1504 Entſchließungen
1257 1436 1515 1501 aufmerkſam
1523 1435 1614 1485 ma⸗

797 1514 912 1572 chen,
955 1511 1093 1565 welche
1122 1509 1185 1558 die
1209 1502 1419 1571 Ruͤckſicht
1434 1493 1515 1559 auf
1536 1491 1613 1555 das

799 1577 1003 1638 verfloßne
1025 1574 1145 1637 Jahr
1169 1565 1238 1634 bey
1260 1563 1338 1624 uns
1358 1567 1614 1630 hervorbrin⸗

800 1654 874 1702 gen
895 1641 1008 1698 muß.

688 1727 742 1775 Zu
760 1721 870 1773 dieſem
887 1716 1045 1767 wichtigen
1060 1711 1217 1771 Geſchaͤfft
1229 1709 1397 1766 verſpreche
1412 1710 1457 1764 ich
1471 1707 1534 1750 mir
1546 1717 1615 1747 eure

692 1792 786 1831 ganze
797 1777 1090 1833 Aufmerkſamkeit!

693 1945 719 1981 1.
743 1918 845 1987 Laßt
856 1945 921 1977 uns
936 1933 1045 1990 zuerſt
1055 1941 1127 1978 von
1134 1936 1202 1978 den
1210 1926 1511 1984 Empfindungen
1517 1923 1619 1983 reden,

695 2003 765 2047 mit
777 1998 928 2053 welchen
942 1999 1013 2042 wir
1022 1995 1094 2047 auf
1101 1999 1186 2046 das,
1199 2003 1275 2037 nun
1291 1989 1504 2043 entflohene,
1510 1988 1617 2041 Jahr

696 2054 917 2111 zuruͤckſehen
933 2048 1079 2104 muͤſſen.
1089 2074 1145 2084 —
1158 2052 1224 2093 So
1236 2048 1422 2102 verſchieden
1433 2036 1481 2092 die
1500 2035 1618 2098 Schick⸗

698 2113 759 2162 ſale
774 2120 900 2159 waren,
922 2109 1031 2158 welche
1052 2105 1111 2145 wir
1135 2104 1170 2144 in
1190 2109 1261 2144 dem
1278 2102 1367 2153 Laufe
1383 2096 1478 2152 dieſes
1488 2098 1619 2149 Jahres

699 2174 850 2219 erlebten,
885 2171 915 2221 ſo
946 2166 1130 2220 verſchieden
1160 2168 1284 2205 werden
1304 2160 1435 2213 freylich
1466 2159 1544 2208 auch
1572 2156 1622 2199 die

700 2228 995 2284 Empfindungen
1007 2227 1096 2288 ſeyn,
1123 2219 1183 2267 mit
1195 2225 1326 2275 welchen
1340 2222 1400 2263 wir
1415 2228 1479 2262 uns
1493 2233 1534 2261 an
1553 2218 1620 2271 daſ⸗
