1628 2406
498 520 566 553 tung
584 511 643 547 auf,
656 513 750 551 welche
764 513 834 545 nicht
849 512 933 552 Eyer,
946 513 1059 549 ſondern
1072 511 1181 545 lebende
1200 509 1384 549 Schnecklein
1392 518 1438 551 ge⸗

498 566 614 602 baͤhren.
657 559 695 593 Er
709 564 772 597 fand
784 564 840 604 ſehr
852 564 936 596 kleine
951 563 1015 592 aber
1026 563 1108 602 voͤllig
1124 563 1191 601 reife
1209 561 1391 598 Schnecklein
1405 564 1435 592 in

500 627 546 655 der
561 619 686 652 Mutter.
723 618 762 650 Er
773 623 838 656 ſetzte
854 623 895 653 die
907 617 988 650 Brut
1002 620 1030 650 in
1046 622 1095 651 das
1109 618 1231 656 Waſſer,
1244 621 1300 650 und
1310 618 1343 650 ſie
1353 617 1437 656 wuſte

498 677 703 715 augenblicklich
713 676 779 707 eben
789 675 815 711 ſo
828 681 901 713 gut,
916 677 961 705 als
975 676 1017 706 die
1031 675 1147 708 Mutter
1160 675 1208 712 ſich
1221 674 1381 710 willkuͤrlich
1397 672 1436 706 im

500 728 609 761 Waſſer
625 733 656 764 zu
670 726 808 763 bewegen,
823 732 855 761 zu
868 725 1048 760 ſchwimmen,
1066 728 1123 756 und
1137 733 1183 757 am
1199 726 1305 758 Boden
1320 727 1367 755 des
1378 724 1436 756 Ge⸗

499 781 580 820 faͤſſes
601 789 632 822 zu
659 782 784 815 kriechen.
829 780 893 811 Und
909 781 969 813 doch
984 779 1071 817 gehen
1086 781 1153 819 dieſe
1172 779 1374 817 Bewegungen
1391 781 1436 809 der

500 835 640 868 Schnecke
652 844 701 875 gar
709 836 834 873 kuͤnſtlich
843 842 885 873 zu.
918 832 1077 870 Naͤhmlich,
1092 841 1172 866 wenn
1183 836 1225 865 die
1234 834 1374 869 Schnecke
1382 835 1438 865 nie⸗

501 890 636 927 derſinken
652 890 725 929 will,
746 891 771 927 ſo
787 889 858 928 zieht
875 889 909 926 ſie
924 888 971 925 ſich
986 887 1016 918 in
1030 890 1090 928 ihre
1104 889 1232 929 hinterſte
1242 885 1439 927 Windungen,

501 943 556 971 und
580 939 685 972 druͤcket
709 939 824 974 dadurch
842 940 883 969 die
902 941 931 969 in
948 939 998 968 den
1016 935 1192 977 Windungen
1207 936 1362 976 enthaltene
1376 939 1441 977 Luft

499 992 673 1032 zuſammen;
696 993 812 1029 dadurch
826 992 915 1029 macht
929 992 963 1030 ſie
980 992 1066 1031 dieſen
1080 987 1159 1030 Theil
1170 992 1306 1031 ſchwerer,
1327 992 1373 1022 als
1386 995 1439 1022 das

500 1047 628 1083 Waſſer,
661 1046 764 1079 welches
780 1045 839 1076 eben
856 1045 906 1077 den
923 1042 1021 1075 Raum
1037 1041 1199 1083 einnehmen
1208 1043 1315 1081 wuͤrde,
1338 1048 1394 1074 und
1412 1045 1438 1079 ſo

501 1104 565 1141 ſinkt
574 1106 615 1135 die
624 1099 763 1139 Schnecke
775 1101 879 1133 nieder.
905 1099 999 1132 Wenn
1008 1099 1046 1138 ſie
1056 1094 1177 1138 dagegen
1191 1099 1220 1129 in
1230 1101 1268 1131 die
1276 1099 1358 1140 Hoͤhe
1369 1099 1439 1138 will,

499 1150 524 1183 ſo
548 1150 619 1186 giebt
640 1150 673 1185 ſie
688 1150 734 1186 ſich
758 1153 811 1179 aus
832 1149 908 1187 ihrer
919 1139 1038 1185 Schale
1054 1151 1140 1179 etwas
1153 1147 1265 1187 hervor.
1304 1151 1439 1185 Dadurch

501 1207 603 1236 nimmt
617 1207 659 1235 die
674 1205 830 1240 inwendige
845 1199 917 1239 Luft,
930 1206 986 1233 und
998 1207 1053 1233 das
1067 1204 1153 1241 Thier
1172 1203 1246 1240 ſelbſt
1257 1202 1337 1241 mehr
1345 1202 1440 1237 Raum

500 1259 565 1293 ein,
587 1260 631 1290 die
648 1258 789 1294 Schnecke
807 1259 879 1288 wird
890 1257 950 1292 alſo
967 1257 1032 1292 auch
1050 1255 1156 1291 leichter
1172 1256 1218 1287 als
1233 1255 1360 1294 Waſſer,
1380 1261 1445 1288 was

500 1312 567 1344 eben
582 1313 607 1348 ſo
622 1310 677 1344 viel
695 1309 792 1342 Raum
811 1307 955 1348 ausfuͤllte,
977 1310 1033 1340 und
1048 1308 1081 1346 ſie
1095 1307 1170 1348 ſteigt
1185 1306 1238 1339 mit
1251 1307 1338 1348 ihrem
1352 1307 1445 1345 Hauſe

501 1376 608 1406 empor.
653 1366 723 1401 Will
745 1369 777 1406 ſie
802 1370 872 1399 denn
894 1366 946 1405 auf
963 1367 1009 1399 der
1032 1365 1191 1407 Oberflaͤche
1208 1365 1394 1405 ſchwimmen;
1417 1366 1442 1404 ſo

499 1426 577 1464 wirft
593 1426 626 1466 ſie
641 1424 687 1463 ſich
699 1425 808 1465 herum,
831 1423 885 1463 daß
899 1422 942 1464 ihr
957 1422 1087 1465 Gehaͤuſe
1100 1421 1240 1463 gleichſam
1250 1424 1293 1455 ein
1309 1422 1372 1455 Bot
1383 1428 1444 1455 vor⸗

501 1482 595 1522 ſtellet.
645 1481 737 1513 Dann
758 1481 855 1512 breitet
870 1480 904 1520 ſie
920 1479 999 1520 ihren
1014 1478 1075 1517 Fuß
1087 1483 1119 1516 zu
1134 1478 1237 1519 beyden
1250 1475 1356 1511 Seiten
1376 1478 1443 1513 uͤber

502 1540 562 1568 dem
575 1535 682 1572 Waſſer
699 1537 771 1569 aus,
815 1537 872 1565 und
886 1533 988 1572 machet
1003 1533 1092 1565 damit
1110 1533 1176 1566 eben
1192 1533 1254 1563 eine
1268 1533 1348 1569 ſolche
1365 1534 1444 1565 wim⸗

502 1591 610 1621 melnde
630 1588 814 1626 Bewegung,
837 1588 881 1619 als
896 1588 939 1618 die
956 1584 1181 1625 Landſchnecken;
1204 1586 1328 1620 wodurch
1346 1587 1379 1623 ſie
1394 1587 1442 1624 ſich

502 1646 575 1673 denn
596 1644 647 1678 auf
668 1644 727 1674 dem
741 1641 848 1679 Waſſer
862 1641 983 1680 langſam
997 1641 1133 1681 forthilft.
1177 1639 1262 1676 Dieſe
1279 1641 1444 1675 ungemeine

500 1693 727 1729 Kunſtfertigkeit
749 1692 854 1728 brachte
874 1691 929 1728 alſo
947 1683 1006 1727 jene
1023 1694 1076 1721 aus
1090 1691 1164 1731 ihrer
1177 1691 1294 1721 Mutter
1310 1689 1384 1721 Leibe
1401 1697 1444 1730 ge⸗

501 1747 645 1785 ſchnittene
659 1743 799 1780 Schnecke
811 1748 841 1777 in
855 1747 923 1779 aller
934 1741 1183 1783 Vollkommenheit
1193 1745 1243 1774 mit
1252 1744 1303 1780 auf
1307 1746 1348 1775 die
1355 1743 1444 1782 Welt,

502 1805 560 1835 und
578 1802 653 1841 hatte
667 1802 712 1831 nie
724 1803 784 1840 ihre
799 1801 927 1839 Mutter,
941 1803 1005 1832 oder
1013 1802 1069 1831 eine
1083 1795 1178 1840 andere
1187 1801 1240 1832 alte
1248 1798 1397 1836 Schnecke,
1411 1802 1443 1833 in

504 1859 555 1886 den
572 1853 805 1891 mannigfaltigen
825 1852 1029 1893 Bewegungen
1043 1848 1213 1891 beobachtet,
1231 1851 1295 1890 noch
1313 1850 1359 1890 ſich
1374 1854 1442 1891 dazu

501 1907 588 1940 uͤbenk
608 1905 709 1939 oͤnnen.
