1667 2457
414 375 649 447 doppelten
649 375 906 447 Todesfall.

1066 397 1135 446 25

155 478 244 527 nach
263 481 375 527 einem
385 479 656 538 Schlendrian,
680 484 830 531 ſondern
845 482 934 532 nach
944 487 1004 520 der
1012 486 1134 529 geſun⸗

154 544 223 580 den
232 537 446 589 Vernunft,
463 540 538 579 und
549 543 663 580 denen
680 547 830 591 wahren
840 546 1037 591 Principiis
1050 547 1135 576 Me-

156 596 307 644 dicinæ,
334 597 422 647 ſeine
437 594 638 648 Patienten
664 606 891 646 beobachtet,
923 606 1135 636 einraͤumen

158 660 269 710 muß,
290 659 325 708 ſo
343 653 530 713 erwaͤhlete
549 660 658 713 dieſes
676 668 737 705 als
762 669 818 703 ein
846 666 1136 713 hoͤchſtnoͤthiges

159 720 303 760 Mittel.

567 797 607 846 §.
680 803 719 851 7.

215 825 344 884 Dieſer
353 818 525 881 Vorſicht
542 844 626 873 aber
635 851 868 893 ungeachtet,
885 858 969 893 war
975 848 1135 879 dennoch

156 888 230 944 hier
266 890 330 945 bey
359 892 478 943 dieſen
505 897 685 951 Patienten
708 907 769 933 ein
800 910 984 942 unſtreitig
1009 910 1136 940 ſtarker

156 950 285 1005 Fehler
294 959 562 1005 vorgegangen,
572 965 618 995 da
628 965 763 1006 beyden
775 967 859 1004 fruͤh
870 979 950 995 war
967 976 1029 1007 zur
1040 973 1138 996 Ader

159 1012 323 1067 gelaſſen,
339 1019 415 1058 und
433 1014 674 1068 Nachmittag
692 1030 763 1056 das
780 1031 956 1055 Vomitiv
980 1034 1138 1064 gegeben

157 1085 323 1122 worden.
365 1074 441 1131 Die
461 1074 589 1137 Schuld
615 1082 724 1124 dieſes
734 1084 886 1129 Fehlers
895 1091 989 1119 wird
1000 1095 1036 1119 in
1046 1094 1138 1131 mich

153 1121 225 1176 mit
247 1121 351 1191 Recht
386 1124 481 1184 nicht
495 1141 527 1188 zu
535 1127 645 1187 ſetzen
664 1136 760 1186 ſeyn,
791 1143 874 1174 weil
895 1145 947 1185 ich
966 1146 1004 1172 in
1022 1150 1137 1175 einem

158 1186 268 1234 Billet
284 1183 526 1244 ausdruͤcklich
535 1197 707 1243 gemeldet
724 1199 845 1243 hatte:

171 1249 322 1294 Man
332 1249 462 1307 ſollte,
487 1263 595 1294 wenn
605 1264 727 1292 etwan
746 1262 846 1302 ſchon
858 1274 914 1303 zur
934 1270 1005 1309 Ader
1029 1271 1138 1304 gelaſ⸗

216 1302 272 1360 ſen
292 1311 438 1353 worden
460 1311 590 1361 waͤre,
621 1322 689 1351 mit
712 1327 825 1351 denen
861 1325 1140 1358 Brechpulvern

169 1370 408 1426 anſtehen,
436 1376 512 1418 und
538 1381 608 1417 mir
636 1384 767 1426 vorher
782 1389 915 1416 wieder
937 1392 1139 1429 Nachricht

171 1435 341 1490 geben,

161 1493 231 1539 wie
246 1497 287 1539 es
313 1490 398 1554 aber
421 1502 640 1550 zugegangen
672 1502 728 1549 iſt,
756 1507 829 1547 daß
847 1517 937 1538 man
968 1513 1039 1546 auf
1050 1514 1139 1547 dieſe

158 1561 275 1605 meine
290 1560 462 1619 Vorſicht
485 1566 562 1607 und
571 1562 836 1615 Verordnung
860 1573 957 1616 nicht
980 1575 1140 1614 geſehen,

159 1619 252 1673 weiß
269 1620 321 1677 ich
336 1620 444 1679 nicht.

574 1702 613 1749 §.
672 1711 715 1755 8.

177 1728 308 1778 Den
315 1732 529 1784 wuͤrklichen
539 1743 683 1803 Fehler,
695 1752 720 1807 ſo
738 1757 806 1806 bey
816 1763 929 1806 dieſen
938 1757 1149 1817 Patienten

161 1792 434 1850 vorgegangen,
462 1804 557 1841 kann
584 1809 635 1853 ich
653 1815 730 1847 aus
743 1811 935 1851 folgenden
953 1817 1141 1842 Gruͤnden

160 1848 297 1906 zeigen:

217 1914 276 1962 Es
293 1920 334 1970 iſt
351 1930 449 1979 zwar
465 1923 596 1977 erſtlich
612 1934 723 1973 durch
742 1939 813 1966 das
836 1936 921 1976 fruͤh
939 1935 1143 1972 angeſtellte

157 1975 375 2035 Aderlaſſen,
389 1986 462 2026 das
473 1990 582 2033 durch
598 1995 653 2022 die
660 1997 759 2034 Hitze
767 2001 868 2035 ſchon
878 2004 916 2024 in
936 2002 1056 2022 etwas
1067 2008 1142 2022 ver⸗

157 2035 317 2084 duͤnnete
329 2046 410 2085 und
419 2048 475 2087 die
483 2057 632 2107 Gefaͤße
645 2063 905 2117 ausdehnende
922 2059 1085 2112 Gebluͤte
1102 2065 1144 2113 in

155 2113 278 2157 etwas
292 2109 513 2167 verringert,
544 2130 622 2166 und
640 2130 713 2170 alſo
730 2142 792 2172 der
804 2131 965 2174 Umlauf
980 2128 1048 2178 des
1066 2124 1149 2180 Ge⸗

633 2193 694 2248 B
694 2193 747 2248 5

1014 2191 1150 2246 bluͤtes
