1486 2274
809 285 908 325 178

427 369 572 403 Aber
593 369 702 411 endlich
731 366 806 411 ward
827 369 880 410 ſie
883 369 1182 412 unterbrochen,

408 423 496 466 Dieſe
519 424 636 465 Pauſe,
661 424 733 463 nach
759 424 791 465 ſo
815 426 922 466 langer
941 426 1037 467 Raſt!

408 480 478 511 Und
501 482 550 513 der
573 481 641 512 Tod
668 482 758 516 kam,
784 477 932 523 ſtürmend
956 480 1157 524 anzupochen,

409 540 512 581 Zeigte
542 540 595 580 ſich
615 539 804 581 geharniſcht
825 543 864 583 im
887 540 1076 592 Pallaſt;

406 599 489 640 Riß,
513 599 563 630 der
582 596 910 641 Thränenfluthen

410 649 586 685 Spottend,
621 648 704 676 einen
730 639 842 685 guten

407 702 539 740 Prinzen
563 702 617 730 mit
627 694 701 752 ſich
715 694 785 752 fort
806 701 848 737 im
853 697 975 742 wilden
997 704 1095 740 Sieg:

405 757 482 792 Ach!
507 757 557 784 des
580 748 703 793 Königs
715 751 879 792 Liebling,
879 751 974 793 ach!
997 749 1054 800 den
1068 752 1207 795 edlen

411 816 561 862 Ludewig.

489 913 602 955 Kaum
609 922 691 955 war
709 924 745 957 er
759 916 840 957 dem
848 907 941 963 Alter
958 914 1018 960 erſt
1033 907 1245 965 entbunden,

405 972 480 1005 Das
513 972 556 1002 die
577 971 708 1011 Jugend
731 969 803 1004 mild
827 961 887 1010 mit
908 960 1003 1020 Roſen
1022 961 1164 1023 deckt,

404 1015 501 1051 Hatte
525 1015 611 1042 kaum
636 1006 701 1053 erſt
712 1000 920 1062 Gattenglück
944 1007 1155 1065 empfunden,

408 1076 499 1118 Süße
521 1073 748 1118 Vaterfreuden
771 1076 859 1107 kaum
882 1072 1104 1123 geſchmeckt;

377 1138 504 1177 Hatt',
531 1139 569 1169 im
588 1137 800 1184 Fürſtenleben

403 1187 530 1228 Muſter
551 1192 611 1217 uns
634 1176 672 1226 zu
689 1176 795 1228 geben,

405 1243 472 1270 Erſt
494 1243 525 1271 ſo
548 1239 689 1268 rühmlich
715 1236 911 1270 angefangen
937 1236 1043 1273 kaum;

402 1294 479 1317 Ach!
503 1294 542 1332 da
561 1292 636 1332 liegt
649 1291 776 1334 entſeelt
776 1294 830 1335 er
854 1289 889 1323 in
889 1291 964 1323 des
988 1274 1147 1325 Grabes

401 1357 538 1389 Finſtrem
569 1353 679 1393 Raum.

487 1459 557 1491 Und
567 1453 640 1505 die
661 1457 810 1500 Hoffnung
830 1452 1074 1507 treugeſinnter
1069 1454 1249 1497 Brennen

401 1510 484 1551 Liegt
508 1514 563 1542 mit
583 1513 661 1550 ihm,
687 1516 754 1544 und
770 1514 820 1552 iſt,
845 1516 902 1550 wie
923 1522 971 1550 er,
989 1512 1132 1550 dahin.

399 1561 449 1589 O!
479 1569 547 1588 was
571 1564 647 1597 hätt'
673 1571 702 1588 er
723 1561 799 1596 nicht
821 1560 894 1599 noch
910 1548 1029 1596 wirken
1029 1556 1231 1598 können,

400 1622 543 1655 Preußen
568 1620 631 1648 und
644 1620 704 1651 der
738 1617 920 1664 Menſchheit
937 1607 1027 1665 zum
1025 1618 1208 1658 Gewinn!

401 1683 444 1713 Er
468 1686 534 1714 war
556 1683 640 1722 Held
658 1684 697 1715 im
720 1681 854 1723 Kriege;

398 1736 548 1769 Träumte
571 1737 655 1775 ſchon
681 1744 752 1766 vom
776 1737 883 1776 Siege,

401 1789 508 1823 Schon
531 1796 584 1814 von
616 1787 763 1815 Lorbeern
788 1784 878 1824 lange
903 1792 960 1816 vor
984 1787 1034 1818 der
1054 1785 1216 1828 Schlacht;

400 1842 466 1874 Der
490 1833 649 1880 Monarch
674 1841 728 1879 hat
750 1837 832 1881 ſelbſt
852 1842 906 1881 ihm
926 1829 1044 1889 frohen
1066 1839 1195 1885 Beyfall

396 1914 570 1955 Zugelacht.
