1715 2472
741 469 904 512 „werden
919 466 1015 515 wird,
1040 466 1075 506 in
1092 465 1423 517 außerordentlichem
1434 467 1578 520 Anſehen

739 520 863 569 „ſteht,
884 525 950 563 und
967 521 1032 572 ſehr
1049 520 1212 573 maͤchtige
1227 520 1381 573 Freunde
1396 520 1493 571 hat.„
1527 522 1578 567 Er

737 577 867 613 nannte
887 574 955 621 ihm
974 579 1071 614 unter
1091 571 1225 624 ſelbigen
1243 573 1414 625 beſonders
1423 579 1492 618 den
1500 576 1579 622 Be⸗

740 626 925 676 fehlshaber
941 631 1029 668 derer
1040 625 1198 677 Legionen
1213 629 1246 670 in
1256 627 1406 676 Syrien,
1432 637 1495 671 von
1503 632 1578 671 dem

739 680 889 732 Plinius
908 674 952 728 im
962 681 1211 732 Vorbeygehen
1228 683 1409 729 anmerket,
1433 683 1500 731 daß
1517 683 1578 733 ſein

740 742 836 784 guter
852 737 971 779 Name
986 735 1054 786 ſehr
1077 736 1275 785 zweydeutig
1295 737 1439 789 geweſen
1455 736 1504 788 ſey
1518 741 1578 788 *).

740 785 798 841 Auf
826 790 917 841 dieſe
941 790 1219 841 nachdruͤcklichen
1246 791 1509 843 Vorſtellungen
1532 803 1579 834 er⸗

738 841 839 892 folgte
855 843 973 884 immer
988 843 1038 882 die
1059 839 1219 897 naͤmliche
1233 842 1412 888 Antwort:
1451 845 1516 892 „a)
1532 842 1578 896 ich

739 884 854 941 „habe
871 895 958 937 alles
983 890 1153 943 erwogen,
1171 894 1228 942 ich
1228 894 1322 942 habe
1347 896 1433 936 alles
1451 897 1607 938 voraus

737 948 936 1000 „geſehen:
958 954 1026 994 und
1044 952 1091 998 ich
1114 951 1202 1000 will,
1226 963 1323 994 wenn
1337 959 1378 993 es
1393 951 1470 1002 ſeyn
1487 951 1581 1002 muß,

740 1014 850 1052 „gern
868 1004 922 1054 fuͤr
938 1006 1005 1046 eine
1021 1013 1100 1054 gute
1112 1004 1304 1057 Handlung
1317 1006 1451 1056 Strafe
1467 1009 1580 1055 leiden,

738 1067 866 1101 „wenn
876 1058 921 1105 ich
932 1070 994 1099 nur
1007 1066 1085 1098 eine
1097 1056 1366 1109 niedertraͤchtige
1375 1062 1441 1100 und
1450 1056 1580 1109 ſchaͤnd⸗

738 1111 847 1158 „liche
864 1110 1104 1159 Grauſamkeit
1120 1102 1236 1161 raͤchen
1254 1112 1379 1156 kann.„

791 1165 953 1215 Jndeſſen
968 1167 1042 1207 kam
1057 1166 1107 1208 die
1127 1164 1203 1216 Zeit
1227 1163 1295 1220 zum
1319 1165 1487 1214 Stimmen
1507 1167 1581 1217 her⸗

739 1228 799 1259 an.
852 1218 1072 1268 Diejenigen,
1095 1210 1210 1266 welche
1223 1232 1261 1268 zu
1276 1219 1337 1269 erſt
1353 1222 1496 1269 redeten,
1514 1221 1582 1262 und

740 1277 791 1315 die
800 1272 960 1325 Haͤupter
976 1280 1030 1318 der
1038 1274 1249 1325 Geſellſchaft
1263 1275 1495 1325 ausmachten,
1508 1284 1581 1317 ver⸗

738 1323 914 1374 theidigten
931 1326 992 1365 alle
1001 1328 1060 1365 den
1069 1322 1211 1371 Certus,
1234 1324 1445 1373 ohngeachtet
1460 1336 1494 1364 er
1502 1323 1580 1373 noch

728 1383 803 1421 gar
820 1375 904 1417 nicht
919 1379 1075 1419 genennet
1091 1375 1232 1417 worden
1240 1384 1329 1419 war,
1347 1373 1421 1425 und
1428 1366 1580 1417 deuteten

736 1428 808 1483 alſo
823 1427 908 1475 ſelbſt
933 1429 986 1481 die
993 1420 1208 1477 allgemeinen
1215 1427 1419 1471 Ausdruͤcke
1436 1417 1489 1481 des
1495 1425 1579 1475 An⸗

738 1485 871 1532 klaͤgers
880 1488 947 1532 auf
960 1476 1038 1532 ihn.
1080 1485 1173 1533 Wie
1191 1489 1242 1529 die
1249 1486 1361 1532 Reihe
1376 1485 1412 1532 an
1426 1477 1491 1531 den
1502 1479 1580 1532 Pli⸗

1449 1532 1580 1586 nius

784 1608 820 1651 *)
842 1607 913 1645 Der
929 1607 1009 1651 Herr
1026 1612 1092 1646 von
1104 1596 1268 1649 Tillemont
1284 1588 1392 1648 nimmt
1412 1588 1466 1654 die
1481 1613 1579 1648 Worte

873 1658 928 1694 des
936 1657 1078 1702 Plinius,
1108 1667 1174 1692 non
1189 1658 1254 1691 ſine
1270 1658 1395 1701 magnis
1410 1658 1577 1703 dubiisque

872 1699 1072 1738 rumoribus,
1100 1700 1136 1734 in
1154 1700 1249 1735 einem
1269 1702 1383 1736 andern
1400 1695 1611 1743 Verſtande,

869 1748 932 1784 und
957 1747 1097 1792 glaubet,
1124 1745 1162 1788 ſie
1183 1748 1305 1787 wollten
1331 1752 1359 1791 ſo
1387 1751 1448 1786 viel
1479 1751 1577 1794 ſagen,

870 1798 944 1825 man
966 1791 1042 1831 habe
1056 1799 1119 1826 von
1132 1790 1248 1828 Seiten
1264 1793 1318 1828 des
1334 1788 1577 1837 Befehlshabers

870 1846 932 1872 von
944 1837 1068 1877 Syrien
1082 1836 1180 1879 einige
1191 1829 1332 1878 Unruhen
1347 1846 1381 1879 zu
1396 1834 1575 1880 befuͤrchten.

870 1888 932 1929 Jch
959 1886 1060 1923 wollte
1092 1889 1145 1922 der
1166 1889 1326 1929 Meynung
1351 1887 1444 1928 dieſes
1464 1888 1575 1932 großen

869 1929 1011 1967 Mannes
1011 1925 1089 1972 gern
1105 1928 1285 1970 beytreten:
1307 1927 1398 1965 allein
1415 1930 1509 1967 meine
1518 1931 1576 1968 Er⸗

869 1969 998 2014 klaͤrung
1015 1961 1121 2011 ſcheint
1136 1972 1197 2007 mir
1212 1969 1446 2016 ungekuͤnſtelter
1454 1975 1513 2009 und
1522 1979 1576 2007 na⸗

870 2019 1013 2064 tuͤrlicher
1028 2028 1061 2061 zu
1080 2021 1157 2060 ſeyn.

780 2061 820 2098 a)
844 2057 963 2101 Omnia
975 2058 1130 2099 praecepi,
1153 2061 1251 2094 atque
1261 2061 1369 2097 animo
1375 2063 1512 2098 mecum
1520 2058 1575 2098 an-

871 2112 903 2138 te
919 2109 1040 2151 peregi.
1066 2109 1131 2141 Nec
1146 2110 1266 2148 recuſo,
1286 2110 1308 2142 ſi
1327 2111 1371 2142 ita
1380 2111 1470 2143 caſus
1489 2117 1573 2144 attu-

871 2149 960 2188 lerit,
995 2152 1084 2182 luere
1112 2158 1233 2191 poenas
1258 2152 1299 2184 ob
1323 2151 1576 2186 honeſtiſſimum

870 2196 1003 2236 faƈtum,
1031 2196 1107 2231 dum
1124 2195 1398 2241 flagitioſiſſimum
1409 2199 1551 2232 ulciſcor.
