1847 2769
1091 439 1171 480 671

207 525 295 576 ſehen
311 525 426 574 endlich
446 531 481 566 es
498 525 568 575 ein,
600 528 663 576 daß
688 533 741 566 der
768 527 842 569 liebe
868 529 956 570 Gott
980 533 1039 569 das
1066 530 1097 579 ſo
1121 532 1181 569 mit

207 580 307 627 ihrem
324 580 471 627 geliebten
481 580 630 628 Freunde
646 582 723 630 habe
735 580 861 629 machen
873 583 1007 629 muͤſſen,
1035 590 1101 622 und
1117 586 1179 633 daß

208 652 240 679 er
258 641 343 689 wohl
358 644 459 678 daran
476 642 591 691 gethan
609 643 707 688 habe;
740 646 806 680 und
817 642 921 691 ſinden
932 644 987 691 ſich
1007 645 1069 693 alſo
1072 646 1118 689 in
1127 647 1177 694 ſei⸗

206 713 280 742 nem
296 702 442 745 Willen!
470 719 528 728 —
557 704 671 752 Seht,
704 707 764 744 das
789 702 882 750 muͤßt
905 703 952 751 ihr
978 706 1055 748 auch
1079 706 1178 751 thun!

206 760 277 807 Laßt
294 769 356 798 nur
372 769 466 798 euren
483 762 599 808 Augen
625 762 703 811 ſeine
726 761 836 809 Wege
859 762 1097 811 wohlgefallen,
1139 764 1178 801 ob

207 820 249 865 ſie
267 817 340 866 euch
356 816 448 865 gleich
464 817 710 866 unangenehm,
744 819 814 864 hart
838 823 905 858 und
929 820 1081 868 widerlich
1106 830 1178 860 vor⸗

206 878 350 917 kommen
366 875 517 925 moͤchten.
577 879 689 920 Seine
708 877 883 921 Gedanken
910 882 977 926 ſind
1001 879 1083 921 nicht
1107 891 1178 919 eure

205 937 397 986 Gedanken,
441 942 506 977 und
529 939 607 988 ſeine
630 938 740 985 Wege
762 940 828 986 ſind
855 939 938 986 nicht
962 951 1033 980 eure
1058 939 1175 988 Wege.

206 996 294 1035 Aber
312 1002 345 1036 es
362 997 429 1044 ſind
446 996 519 1046 doch
535 996 645 1042 Wege
663 998 799 1045 Gottes,
838 1001 892 1034 des
916 1005 1010 1041 guten
1035 1003 1100 1035 und
1127 1008 1175 1043 ge⸗

206 1054 315 1089 treuen
332 1042 443 1090 lieben
461 1052 584 1098 Vaters,
618 1055 685 1089 und
700 1051 748 1098 ihr
772 1049 867 1090 koͤnnt
892 1051 1003 1100 ſagen:
1026 1052 1069 1098 ich
1088 1058 1177 1092 traue

205 1110 310 1162 ſeinen
330 1110 608 1157 Wunderwegen,
636 1112 677 1153 ſie
693 1115 791 1149 enden
810 1113 867 1160 ſich
885 1113 918 1151 in
935 1113 996 1152 Lieb
1019 1119 1085 1152 und
1102 1117 1174 1154 Se⸗

206 1176 289 1210 gen;
312 1172 411 1212 gnug,
444 1175 538 1205 wenn
554 1168 599 1216 ich
623 1167 677 1215 ihn
693 1179 755 1206 nur
771 1168 818 1207 bei
833 1168 894 1208 mir
910 1170 980 1216 hab.
1040 1169 1178 1217 Entehrt

206 1227 262 1274 ihn
280 1225 342 1275 alſo
362 1226 444 1273 nicht
462 1227 521 1266 mit
537 1221 700 1278 Thraͤnen,
729 1227 777 1265 die
793 1230 844 1266 der
862 1228 1008 1276 Unmuth
1036 1234 1102 1267 und
1127 1229 1175 1269 die

206 1282 488 1333 Kleinmuͤthigkeit
504 1294 566 1325 aus
589 1279 671 1342 euch
686 1288 795 1326 weint:
823 1289 854 1339 ſo
872 1288 951 1327 wird
968 1298 999 1328 et
1025 1289 1081 1339 ſich
1108 1299 1175 1328 treu

205 1354 250 1380 an
264 1343 337 1392 euch
352 1343 511 1392 beweiſen,
535 1348 603 1384 und
619 1346 692 1392 euch
711 1345 823 1384 wieder
839 1346 978 1393 erfreuen
997 1347 1055 1385 mit
1064 1346 1176 1397 ſeinem

204 1401 419 1451 allmaͤchtigen
437 1404 665 1451 Gottestroſte.

289 1463 365 1502 Und
392 1460 486 1511 dieſer
517 1461 613 1511 ſeiner
636 1462 739 1502 Treue
765 1464 833 1502 und
867 1461 1174 1513 Gottestroͤſtungen

205 1515 309 1564 macht
325 1516 397 1566 euch
415 1522 497 1556 denn
512 1517 588 1567 auch
610 1517 775 1568 beſonders
791 1517 868 1566 noch
891 1517 1034 1567 wuͤrdig,
1061 1520 1175 1567 durchs

205 1580 340 1627 Gebet.
396 1582 484 1623 Das
499 1582 608 1625 Wort
622 1583 747 1624 Gottes
763 1581 842 1631 ſagt,
869 1581 933 1629 daß
951 1581 1001 1628 ihr
1015 1588 1075 1622 das
1093 1583 1174 1633 thun

205 1638 286 1688 ſollt.
345 1637 438 1676 Leidet
460 1637 532 1675 aber
557 1638 704 1685 jemand,
736 1640 790 1674 der
814 1637 900 1688 bete,
933 1636 1012 1685 Jak.
1040 1649 1082 1685 5,
1115 1645 1173 1685 13.

206 1697 281 1737 Die
299 1692 438 1741 Juͤnger
447 1690 573 1742 thatens
591 1695 680 1744 auch.
745 1696 796 1737 V.
814 1708 873 1744 29.
910 1697 981 1738 Sie
998 1694 1174 1746 noͤthigten,

205 1753 347 1798 drangen
364 1752 423 1791 mit
438 1751 557 1793 Bitten
573 1751 606 1791 in
623 1750 699 1799 ihn,
736 1754 803 1791 und
820 1752 982 1805 ſprachen:
1008 1754 1103 1795 bleibe
1127 1753 1174 1799 bei

206 1815 284 1858 uns,
313 1811 394 1847 denn
416 1815 449 1848 es
474 1809 540 1849 will
559 1810 672 1850 Abend
686 1815 832 1859 werden,
859 1816 925 1849 und
948 1815 1001 1849 der
1025 1811 1096 1858 Tag
1120 1813 1175 1860 hat

204 1871 262 1921 ſich
278 1871 426 1919 geneiget.
484 1873 570 1923 Ach!
588 1874 619 1925 ſo
636 1874 716 1912 betet
737 1873 816 1923 auch
839 1875 905 1922 ihr:
937 1875 1015 1915 bleib
1031 1877 1078 1917 bei
1097 1883 1174 1923 uns,

205 1930 291 1979 Herr
306 1929 402 1979 Jeſu,
427 1929 488 1970 mit
503 1932 607 1973 deiner
624 1933 758 1982 Gnade,
784 1933 844 1972 mit
861 1934 964 1972 deiner
981 1934 1096 1979 Treue,
1116 1936 1176 1973 mit

205 1989 328 2027 deinem
344 1988 485 2037 Segen,
514 1992 598 2029 denn
612 1993 665 2029 der
688 1990 761 2037 Tag
781 1990 890 2042 unſers
917 1993 1037 2034 Gluͤcks
1064 1992 1175 2043 ſcheint

204 2046 263 2096 ſich
288 2049 347 2087 mit
369 2052 442 2086 dem
466 2047 555 2087 Tode
577 2048 687 2092 unſers
704 2050 829 2090 Vaters
846 2048 985 2095 geneiget
1001 2060 1039 2096 zu
1054 2049 1176 2096 haben!

206 2103 404 2153 Schwarze,
433 2106 540 2154 finſtre
564 2104 793 2153 Nachtwolken
818 2109 873 2145 des
897 2105 1078 2147 Kummers
1096 2107 1173 2154 han⸗

205 2172 265 2207 gen
284 2160 361 2202 uͤber
377 2171 441 2201 uns
459 2161 573 2211 herab,
601 2167 668 2201 und
684 2166 812 2212 machen
829 2164 876 2203 die
894 2165 1044 2213 Ausſicht
1060 2165 1093 2204 in
1114 2177 1172 2203 un⸗

205 2223 251 2274 ſer
266 2219 423 2270 kuͤnftiges
448 2221 536 2262 Leben
562 2223 669 2272 finſter
694 2227 761 2262 und
784 2224 915 2264 dunkel!
957 2226 1043 2267 Aber
1067 2226 1173 2275 verlaß

204 2279 249 2316 du
263 2283 330 2317 uns
345 2287 408 2318 nur
423 2277 525 2331 nicht!
559 2279 676 2321 Bleibe
691 2284 736 2319 du
759 2290 822 2320 nur
839 2280 886 2321 bei
903 2280 985 2325 uns!
1022 2281 1118 2332 Gehe
1131 2286 1175 2320 du

1116 2346 1175 2384 mit
