2737 3223
725 400 900 459 1771.
854 396 920 459 31.
925 402 1041 456 May.
1062 398 1356 456 Babichiuiſcher
1386 399 1545 449 Wolok.
1831 405 1879 449 37

506 482 590 535 Von
607 478 884 542 Tſchjukreewa
895 485 1009 534 fuhren
1026 483 1088 523 wir
1104 491 1197 522 unter
1217 482 1338 528 ſtarken
1356 483 1474 529 Regen
1498 480 1563 526 ab,
1592 483 1660 520 und
1682 476 1798 520 kamen
1819 479 1876 526 bey

393 545 466 584 dem
489 545 587 593 Dorf
603 539 882 594 Jtamuſchewa
892 551 940 578 an
967 543 1039 577 dem
1062 538 1255 587 ſumpfigten
1276 535 1427 586 Fluͤßgen
1443 532 1671 587 Kaſarewka,
1715 548 1758 573 an
1774 534 1875 583 deſſen

392 598 503 649 Ufern
515 600 578 640 viel
594 595 778 647 roͤthlicher,
788 595 1004 640 weicher
950 589 1007 642 und
1018 595 1097 645 ſehr
1119 592 1216 644 zaͤher
1237 591 1334 642 Thon
1351 603 1440 639 war,
1478 589 1616 640 vorbey,
1653 592 1749 633 durch
1772 596 1835 628 das
1843 594 1862 643 5

393 660 523 709 Werſte
542 666 647 702 davon
660 651 807 711 liegende
847 645 931 707 Dorf
961 650 1164 710 Dymowka,
1200 654 1258 702 bey
1282 655 1427 699 welchem
1444 657 1502 694 der
1518 652 1618 693 kleine
1634 650 1722 698 Fluß
1741 643 1878 690 Kolat⸗

392 714 546 771 ſchewka
562 716 782 766 vorbeyfließt.
852 713 937 764 Zwey
968 706 1108 769 Werſte
1107 726 1170 753 von
1195 710 1417 763 Dymowka
1442 723 1514 753 war
1534 714 1598 751 das
1622 710 1717 758 Dorf
1730 706 1877 758 Kamy⸗

393 775 549 831 ſechwka
572 780 639 815 und
655 780 729 824 drey
745 776 878 821 Werſte
892 771 1004 815 weiter
1041 779 1098 815 das
1125 772 1208 819 Dorf
1220 769 1442 821 Kiſarowa.
1531 770 1629 817 Nach
1645 772 1730 808 einer
1749 771 1877 816 Werſte

393 834 493 881 folagte
526 839 588 871 das
619 833 716 878 Dorf
755 825 993 880 Dedjuchina
1025 826 1091 879 und
1117 823 1253 883 ſodann
1267 828 1345 868 nach
1386 840 1470 866 neun
1503 825 1655 874 Werſten
1685 829 1750 863 das
1779 826 1878 872 Dorf

394 876 611 945 Szaſiewa;
640 887 776 930 Abends
800 884 906 937 kamen
932 887 994 925 wir
1018 881 1056 939 in
1059 884 1136 925 das
1164 878 1270 933 Dorf
1284 877 1473 937 Babichina
1512 884 1581 926 acht
1605 882 1741 926 Werſte
1756 883 1879 926 davon,

393 960 426 993 in
449 953 578 1004 welcher
597 957 735 998 Strecke
759 958 810 994 die
823 951 985 997 Slodode
992 942 1473 1015 Blagowjeſchtſchenskajaͤ
1484 954 1553 988 und
1575 952 1626 990 die
1649 948 1774 994 Doͤrfer
1788 942 1878 991 We⸗

392 1000 523 1062 ſichina
541 1010 605 1047 und
617 1003 847 1059 Proſchkina
868 1000 1019 1052 lagen.

507 1066 594 1107 Das
607 1060 703 1110 Dorf
715 1049 903 1117 Babichina
928 1062 997 1107 iſt
1012 1058 1069 1108 an
1089 1063 1166 1100 dem
1180 1060 1303 1101 kleinen
1318 1057 1408 1106 Fluß
1432 1055 1605 1108 Suſatka
1632 1056 1782 1100 erbauet,
1808 1059 1880 1093 wel⸗

395 1121 463 1159 cher
482 1123 550 1155 eine
575 1121 716 1166 ziemlich
751 1117 838 1170 große
859 1111 969 1169 Muͤhle
991 1114 1105 1161 treibt,
1121 1116 1184 1154 die
1208 1114 1284 1152 aber
1305 1122 1368 1151 von
1399 1115 1459 1150 den
1485 1110 1650 1156 Bauern,
1688 1111 1803 1154 welche
1825 1123 1881 1158 zur

392 1179 509 1220 Arbelt
531 1184 588 1228 auf
608 1175 671 1230 den
675 1170 940 1227 Huͤttenwerken
957 1173 1158 1222 gezwungen
1180 1174 1267 1222 ſind,
1302 1169 1408 1218 wenig
1437 1169 1612 1219 gebraucht
1633 1168 1734 1217 wird,
1770 1169 1879 1207 indem

393 1241 434 1287 ſie
459 1240 520 1291 ihr
549 1231 703 1288 Getraide
723 1226 781 1284 aus
793 1230 1004 1285 dringender
1026 1232 1125 1283 Noth
1156 1236 1224 1274 dem
1236 1223 1493 1282 Eigenthuͤmer
1511 1229 1600 1271 einer
1623 1228 1881 1272 Brandtewein⸗

391 1292 579 1344 brennerey
588 1291 876 1352 Pochodjaſchin
895 1294 972 1340 noch
988 1287 1056 1344 auf
1088 1283 1152 1344 dem
1169 1286 1297 1344 Halme
1314 1289 1503 1340 verkaufen.

511 1367 579 1400 Am
578 1350 627 1406 31.
664 1348 839 1404 hoͤrte
781 1348 843 1408 das
852 1339 1082 1401 Regenwetter
1097 1352 1184 1395 noch
1191 1341 1292 1405 nicht
1307 1347 1370 1397 auf
1380 1356 1445 1386 uns
1461 1349 1578 1394 Unluſt
1593 1334 1632 1395 zu
1655 1346 1884 1392 verurſachen;

396 1419 462 1452 und
478 1410 555 1452 war
571 1422 636 1452 uns
664 1416 764 1462 dieſen
779 1410 865 1460 Tag
893 1413 977 1459 deſto
1001 1402 1264 1458 beſchwerlicher,
1283 1413 1356 1447 da
1369 1404 1438 1445 wir
1460 1404 1509 1444 an
1531 1407 1705 1454 demſelben
1723 1408 1802 1445 uͤber
1823 1410 1883 1444 den

393 1468 518 1522 Wolok
529 1470 567 1526 *)
576 1464 682 1531 reiſen
696 1471 834 1522 muſten,
864 1467 995 1518 welcher
1015 1472 1094 1518 nach
1111 1468 1184 1511 dem
1201 1458 1311 1518 Dorfe
1328 1464 1614 1522 Babichina
1545 1458 1600 1516 der
1630 1456 1885 1518 babichiniſche

394 1530 547 1587 genennt
547 1530 679 1585 wird.
698 1533 762 1585 Er
776 1521 891 1581 macht
911 1527 978 1573 eine
996 1532 1136 1575 Strecke
1156 1525 1285 1583 von
1251 1523 1291 1587 53
1307 1530 1460 1579 Werſten
1476 1528 1529 1569 bis
1554 1540 1597 1567 an
1619 1531 1685 1568 das
1707 1527 1891 1575 Kirchdorf

393 1580 624 1656 Fominskoe
644 1580 766 1645 aus.
781 1579 875 1640 Eine
882 1587 921 1642 ſo
933 1586 1032 1645 große
1045 1572 1266 1641 Entfernung
1273 1583 1345 1627 und
1360 1572 1411 1627 die
1432 1591 1658 1635 unterwegens
1680 1580 1888 1633 befindlichen

391 1646 506 1690 naſſen
535 1645 621 1700 und
634 1632 829 1704 ſumpfigten
842 1634 989 1695 Stellen
1009 1633 1145 1697 machen
1164 1636 1213 1684 die
1215 1637 1335 1691 Reiſe
1353 1642 1432 1681 uͤber
1453 1637 1617 1688 denſelben
1646 1637 1820 1686 ungemein
1835 1637 1889 1675 be⸗

393 1695 590 1754 ſchwerlich;
621 1698 700 1745 denn
726 1694 805 1754 bey
822 1686 910 1750 der
950 1686 1066 1752 wenigen
1068 1693 1220 1752 Anzahl
1255 1693 1320 1746 von
1333 1694 1481 1738 Bauern
1504 1692 1627 1734 koͤnnen
1657 1698 1709 1735 die
1731 1696 1886 1738 Bruͤcken

393 1757 481 1800 nicht
495 1753 640 1806 gehoͤrig
661 1742 881 1809 ausgebeſſert
904 1740 1048 1792 werden.
1090 1752 1176 1801 Hier
1193 1748 1393 1797 begegneten
1422 1754 1487 1786 uns
1511 1750 1610 1797 zuerſt
1632 1750 1683 1786 die
1714 1747 1887 1797 ungluͤckli⸗

388 1809 471 1866 chen
497 1809 612 1861 Leute,
629 1805 758 1866 welche
782 1805 855 1866 man
880 1801 956 1862 an
965 1797 1070 1850 einem
1091 1809 1177 1849 Seil
1201 1809 1282 1851 nach
1312 1807 1471 1847 Sibirien
1489 1806 1619 1852 fuͤhrte,
1646 1816 1704 1841 um
1725 1811 1765 1852 ſie
1778 1809 1813 1842 in
1836 1807 1889 1842 die

394 1876 470 1921 Orte
499 1866 572 1928 zu
572 1857 794 1930 vertheilen,
804 1865 920 1932 wohin
929 1857 1000 1926 ſich
1018 1866 1075 1915 ein
1093 1858 1183 1925 jeder
1193 1859 1303 1924 ſelbſt
1324 1860 1515 1920 verurtheilt
1534 1865 1648 1919 hatte;
1679 1854 1797 1924 dieſer
1815 1857 1885 1915 Weg

389 1923 524 1991 ſcheint
538 1922 626 1986 einen
648 1916 737 1987 Theil
754 1922 842 1987 ihrer
875 1915 996 1988 Strafe
1014 1913 1203 1988 ausmachen
1227 1937 1268 1978 zu
1281 1914 1423 1976 koͤnnen,
1443 1927 1528 1966 denn
1542 1925 1582 1974 ſie
1597 1921 1706 1976 haben
1722 1922 1785 1971 auf
1799 1925 1887 1963 dem⸗

394 1979 499 2036 ſelben
525 1989 608 2031 nicht
629 1989 772 2033 weniger
806 1986 1040 2034 auszuſtehen,
1070 1986 1124 2021 als
1152 1993 1246 2022 wenn
1271 1983 1311 2030 ſie
1341 1980 1403 2029 auf
1427 1984 1483 2021 der
1498 1979 1759 2023 Galeerenbank
1783 1979 1892 2027 ſaͤßen.

399 2050 476 2092 Der
499 2049 607 2087 Wald
632 2050 672 2096 iſt
687 2049 750 2096 auf
765 2049 881 2095 dieſem
905 2046 1027 2095 Wolok
1048 2043 1203 2094 gewaltig
1227 2049 1325 2090 gros,
1356 2045 1423 2080 und
1439 2042 1594 2088 erſtrecket
1621 2042 1678 2091 ſich
1701 2055 1745 2090 50
1759 2040 1890 2087 Werſte

401 2104 465 2151 auf
482 2106 538 2140 der
556 2104 648 2141 einen
672 2093 775 2142 Seite
792 2100 847 2141 bis
874 2115 910 2142 an
929 2105 993 2140 den
1007 2092 1096 2149 Fluß
1128 2097 1260 2144 Tura,
1298 2100 1365 2136 und
1388 2097 1452 2145 auf
1472 2101 1528 2135 der
1549 2100 1672 2134 andern
1693 2098 1747 2135 bis
1769 2107 1813 2134 an
1839 2094 1891 2133 die

402 2157 620 2215 irbitskiſche
636 2152 797 2207 Straſſe.
832 2157 891 2219 Jn
884 2155 1025 2210 dieſer
1037 2156 1286 2207 weitlaͤuftigen
1312 2155 1489 2205 Waldung
1510 2156 1636 2193 werden
1654 2153 1716 2201 faſt
1733 2152 1805 2211 alle
1826 2152 1890 2191 den

403 2214 584 2266 nordiſchen
616 2198 760 2269 Waͤldern
787 2199 906 2258 eigene
930 2201 1066 2270 Balunt
1090 2213 1311 2259 angetroffen:
1338 2212 1487 2256 Fichten,
1501 2209 1782 2256 Lerchenbaͤume,
1806 2204 1892 2246 Kie⸗

406 2272 490 2319 fern,
520 2266 680 2316 Tannen,
709 2255 862 2314 Birken,
878 2265 1017 2311 Linden,
1037 2271 1315 2320 Vogelkirſchen,
1342 2265 1589 2310 Vogelbeeren,
1608 2270 1752 2308 Erlen,
1752 2269 1895 2306 Wach⸗

406 2332 614 2374 olderbaͤume
630 2337 693 2370 von
721 2325 970 2381 ausnehmender
987 2315 1135 2386 Groͤße.
1135 2330 1205 2366 An
1215 2328 1429 2374 Straͤuchen:
1454 2331 1634 2381 Beinholz,
1650 2327 1893 2376 (liguſtrum)

1892 542 1935 577 D.
1953 537 2093 582 Jtamu⸗

1892 591 2018 631 ſchewa.

1911 676 1927 703 D.
1947 689 2107 717 Dymow⸗

1893 726 1941 757 ka.

1895 810 1937 842 D.
1954 807 2080 850 Kamy⸗

1896 841 2039 874 ſchewka.

1896 886 1941 918 D.
1957 882 2091 919 Kiſaro⸗

1894 936 1955 960 wa
2011 930 2066 964 D.

1895 969 2104 1012 Dedjuchina.

1898 1027 1979 1063 Dorf
1991 1025 2076 1058 Sza⸗

1898 1059 2001 1097 ſjewa.
2019 1056 2093 1101 Slo⸗

1898 1109 1963 1141 bode
1980 1111 2061 1144 Bla⸗

1898 1151 2077 1188 gowjeſcht⸗

1897 1181 2081 1220 ſchenskajaͤ.

1898 1231 1942 1266 D.
1961 1232 2106 1270 Weſichi⸗

1899 1288 1945 1317 ne.
2010 1291 2043 1312 D.

1897 1302 2097 1348 Proſchkina.

1899 1358 1943 1385 D.
1952 1358 2105 1395 Babichi⸗

1900 1410 1951 1438 na.

1139 2393 1340 2444 E3

1679 2383 1894 2439 Heide,

449 2516 483 2559 *)
504 2516 575 2555 Hier
601 2516 678 2556 heißt
687 2508 837 2564 Wolok
852 2502 913 2561 eine
920 2504 1064 2561 waldigte
1084 2506 1205 2553 Gegend
1232 2505 1358 2551 zwiſchen
1386 2513 1461 2550 zwey
1482 2507 1610 2550 Fluͤſſen,
1641 2508 1673 2542 in
1698 2498 1811 2560 welcher
1831 2510 1896 2549 kein

409 2572 575 2617 Wohnplatz
597 2559 763 2623 anzutreffen
775 2553 909 2622 iſt.
