1890 2892
678 419 779 496 840

692 527 766 574 (am
781 526 875 570 Ende
895 536 958 567 von
979 528 1080 571 Alex.
1096 532 1282 570 Monro's
1305 528 1493 578 Verſuchen
1507 528 1614 578 Lugd.
1638 533 1705 567 Bat.

699 581 807 615 1741.
825 573 859 603 in
882 572 953 615 12.)
978 572 1108 610 bekannt
1127 575 1266 618 gemacht
1289 575 1361 622 hat,
1393 577 1430 620 iſt
1448 572 1625 628 ohnſtreitig
1643 577 1707 612 eine

694 638 747 673 der
770 632 880 676 beſten.
936 635 1003 674 Die
1027 633 1261 681 Beſchreibung
1283 642 1344 671 von
1368 633 1449 672 einer
1472 639 1608 682 andern,
1642 644 1706 671 ver⸗

696 686 822 732 mittelſt
844 692 935 725 deren
958 690 1018 724 das
1042 697 1135 737 ganze
1152 686 1292 733 Syſtem
1315 694 1367 728 der
1383 689 1527 729 Arterien
1552 694 1623 730 oder
1638 691 1707 730 Ve⸗

696 746 755 773 nen
773 734 832 781 auf
848 738 964 776 einmal
986 736 1182 785 ausgeſpritzt
1204 740 1343 784 werden,
1383 742 1446 776 und
1468 740 1608 784 wodurch
1633 749 1708 776 man

695 789 744 827 die
765 786 830 835 Luft
853 800 911 828 vor
933 793 988 827 der
1010 787 1179 836 Jnjection
1207 801 1268 827 aus
1291 794 1349 830 den
1373 792 1520 841 Gefaͤßen
1545 795 1708 839 einſaugen

694 850 794 896 kann,
829 852 883 901 hat
906 852 953 899 P.
977 849 1022 891 C.
1044 850 1244 899 Fabricius
1268 851 1441 900 (Method.
1464 852 1623 892 cadauera
1650 856 1709 890 hu-

694 914 794 941 mana
836 910 895 943 rite
934 902 1062 944 fecandi
1106 919 1139 957 p.
1177 907 1217 953 7)
1262 907 1347 957 nebſt
1384 910 1468 959 ihrer
1501 907 1711 954 Anwendung

691 958 898 1008 beſchrieben.

768 1013 877 1060 Außer
892 1019 951 1052 den
967 1013 1116 1062 Spritzen
1142 1012 1222 1053 kann
1247 1023 1324 1051 man
1347 1014 1422 1056 auch
1447 1016 1626 1065 vermittelſt
1647 1016 1709 1056 der

693 1064 929 1112 Luftpumpe
952 1069 1001 1103 die
1022 1066 1149 1113 Gefaͤße
1174 1067 1368 1115 ausſpritzen.
1428 1065 1482 1106 Es
1505 1069 1593 1118 gehet
1615 1069 1709 1116 dieſes

694 1118 768 1158 aber
794 1131 853 1158 nur
877 1121 931 1167 bey
947 1120 1189 1169 Eingeweiden,
1223 1124 1270 1159 die
1294 1123 1354 1160 mit
1376 1123 1493 1169 großen
1518 1122 1708 1173 Hoͤhlungen

697 1175 836 1223 verſehen
854 1176 930 1222 ſind,
948 1176 1033 1225 wie
1013 1169 1047 1229 z.
1048 1174 1102 1217 B.
1113 1178 1166 1221 bey
1176 1180 1244 1216 dem
1254 1174 1387 1226 Herzen,
1406 1181 1476 1214 oder
1488 1178 1543 1223 bey
1554 1168 1709 1230 gefaͤßvol⸗

695 1230 746 1266 len
766 1227 989 1275 Eingeweiden
1005 1241 1066 1273 an,
1084 1230 1268 1271 dergleichen
1283 1231 1330 1268 die
1344 1232 1483 1277 Lungen,
1511 1234 1558 1270 die
1575 1232 1709 1273 Nieren,

694 1288 742 1325 die
757 1286 845 1332 Milz
861 1298 891 1322 u.
906 1287 927 1333 ſ.
944 1297 984 1324 w.
1008 1288 1084 1332 ſind.
1139 1289 1231 1328 Man
1255 1286 1318 1335 ſehe
1340 1288 1467 1337 hiervon
1490 1287 1708 1337 Hombergs

695 1336 911 1385 Abhandlung
935 1338 967 1373 in
990 1340 1048 1375 den
1074 1338 1256 1376 Mémoires
1277 1346 1317 1373 de
1337 1341 1460 1375 l'Acad.
1481 1337 1537 1375 des
1558 1340 1708 1381 Sciences

699 1393 798 1436 1699
815 1395 878 1429 und
895 1390 1116 1437 Schachers
1130 1394 1338 1441 Diſſertation
1353 1395 1404 1430 De
1419 1395 1603 1431 anatomica
1620 1403 1707 1443 prae-

693 1443 865 1491 cipuarum
883 1443 1024 1492 partium
1039 1440 1321 1480 adminiſtratione
1339 1442 1423 1492 Lipſ.
1442 1456 1540 1489 1710
1559 1447 1647 1484 nach.

767 1500 876 1547 Sonſt
886 1499 997 1548 pflegte
1008 1506 1081 1537 man
1093 1502 1203 1548 eiſerne
1212 1500 1362 1550 Spritzen
1372 1501 1455 1548 nebſt
1463 1502 1593 1547 eiſernen
1601 1503 1706 1550 Roͤhr⸗

693 1551 763 1593 chen
773 1551 861 1598 (oder
870 1552 945 1597 auch
955 1552 1129 1600 glaͤſernen)
1135 1565 1173 1602 zu
1183 1552 1436 1602 Einſpritzungen
1447 1555 1505 1592 mit
1515 1556 1705 1600 lebendigem

694 1606 889 1655 Queckſilber
904 1619 940 1657 zu
960 1606 1161 1655 gebrauchen.
1205 1610 1267 1650 Da
1285 1614 1357 1649 aber
1375 1611 1430 1657 bey
1445 1613 1539 1659 dieſer
1553 1613 1708 1661 Methode

692 1663 785 1705 durch
796 1661 881 1701 einen
897 1663 1095 1711 allzuſtarken
1106 1665 1215 1705 Druck
1222 1668 1269 1703 die
1278 1665 1404 1712 Gefaͤße
1419 1666 1502 1709 leicht
1512 1665 1628 1715 reiſſen,
1645 1665 1707 1702 und

692 1716 735 1751 da
748 1717 809 1752 das
817 1713 1010 1760 Queckſilber
1020 1716 1165 1763 vermoͤge
1182 1715 1275 1758 ſeiner
1284 1715 1451 1759 Schwere,
1465 1725 1556 1753 wenn
1573 1728 1649 1755 man
1657 1719 1708 1752 da⸗

694 1770 750 1815 bey
767 1773 814 1808 die
831 1772 957 1817 Gefaͤße
973 1771 1092 1816 gelinde
1106 1773 1207 1811 druͤckt
1222 1776 1285 1810 und
1301 1772 1443 1817 ſtreichet,
1466 1775 1521 1817 ſich
1532 1776 1562 1812 in
1574 1779 1630 1814 den
1640 1774 1707 1813 Ge⸗

691 1818 786 1865 faͤßen
804 1818 964 1870 vertheilet
974 1809 1042 1858 und
1058 1819 1123 1872 ſehr
1137 1819 1195 1864 tief
1206 1822 1381 1867 eindringt,
1414 1823 1445 1868 ſo
1464 1821 1540 1868 darf
1561 1835 1636 1862 man
1659 1818 1706 1868 ſel⸗

692 1879 783 1927 biges
805 1891 864 1919 nur
887 1882 1045 1929 einfuͤllen.
1104 1883 1308 1929 Alexander
1334 1885 1486 1925 Monro
1508 1889 1560 1923 der
1584 1885 1707 1932 juͤngere

692 1932 746 1982 hat
763 1933 885 1982 hierzu,
915 1937 979 1970 und
1003 1944 1085 1982 zwar
1109 1934 1282 1984 vorzuͤglich
1304 1947 1338 1985 zu
1360 1941 1412 1975 der
1435 1937 1634 1987 Ausfuͤllung
1657 1938 1706 1971 der

691 1985 930 2035 lymphatiſchen
951 1984 1096 2034 Gefaͤße,
1127 1988 1175 2026 ein
1198 1984 1408 2034 Jnſtrument
1433 1987 1598 2037 erfunden,
1639 1984 1706 2026 wel⸗

690 2043 762 2087 ches
784 2053 814 2080 er
837 2045 869 2083 in
894 2045 985 2091 ſeiner
1001 2042 1218 2094 Abhandlung
1240 2046 1290 2081 De
1312 2045 1444 2083 teſtibus
1467 2057 1497 2083 et
1520 2046 1561 2083 de
1584 2045 1706 2085 ſemine

689 2095 726 2128 in
742 2094 836 2129 variis
850 2094 1045 2130 animalibus
1063 2094 1195 2134 bekannt
1211 2095 1352 2143 gemacht
1368 2097 1434 2143 hat.
1465 2094 1515 2147 J.
1526 2099 1582 2141 G.
1593 2092 1704 2140 Wal⸗

688 2153 742 2182 ter
760 2146 814 2193 hat
828 2146 923 2194 dieſes
943 2143 1151 2193 Jnſtrument
1167 2147 1259 2193 (Obſ.
1276 2157 1362 2184 anat.
1379 2159 1407 2194 p.
1423 2159 1468 2191 33
1488 2153 1552 2194 tab.
1567 2157 1583 2200 7
1598 2149 1654 2189 fig.
1666 2143 1704 2190 I)

686 2200 865 2249 verbeſſert,
900 2204 965 2239 und
992 2201 1124 2245 dadurch
1151 2201 1227 2244 auch
1248 2212 1283 2249 zu
1302 2199 1506 2249 Jnjectionen
1530 2211 1583 2243 der
1605 2194 1705 2254 Blut⸗

687 2255 797 2302 gefaͤße
829 2254 1002 2297 brauchbar
1029 2257 1183 2302 gemacht.
1264 2256 1445 2304 Außerdem
1479 2261 1517 2304 iſt
1545 2260 1621 2301 auch
1645 2261 1704 2295 das

686 2293 930 2354 Blizardſche
952 2305 1161 2355 Jnſtrument
1183 2319 1219 2356 zu
1242 2311 1294 2344 der
1310 2309 1554 2359 Thraͤnenfiſtel,
1577 2321 1612 2358 zu
1635 2312 1705 2344 dem

686 2366 853 2414 Einfuͤllen
880 2371 937 2408 des
966 2367 1181 2419 Queckſilbers
1212 2370 1245 2408 in
1278 2370 1326 2409 die
1353 2369 1480 2419 Gefaͤße
1508 2376 1564 2416 gut
1593 2378 1629 2414 zu
1657 2374 1704 2412 ge⸗

1528 2425 1707 2470 brauchen.
