1555 2363
516 360 590 401 338

730 361 928 411 Allgemeine
950 362 1142 415 Geſchichte.

517 458 586 491 dert
602 456 741 500 Jahren,
754 459 846 500 ſahen
871 459 918 495 die
940 463 1162 504 ausgearteten
1184 464 1355 508 Nachkom⸗

516 513 587 546 men
605 514 667 540 nur
686 509 742 542 mit
761 509 931 552 Schrecken
949 515 1006 547 den
1024 514 1129 555 Stahl
1147 514 1261 557 blitzen.
1289 516 1355 556 Die

515 559 698 602 Roͤmiſchen
722 559 877 602 Legionen,
903 564 989 606 ſelbſt
1013 565 1097 607 feige,
1113 563 1267 609 zuͤgellos,
1289 576 1353 606 nur

516 606 635 650 tuͤchtig
650 610 854 653 Meutereyen
876 612 1083 656 anzuſpinnen
1106 620 1172 651 und
1194 616 1355 662 Wehrloſe

514 666 553 703 zu
577 660 790 703 mißhandeln,
830 667 961 701 wurden
988 666 1054 702 aus
1075 669 1156 705 allen
1179 670 1354 717 Provinzen

514 713 589 753 nach
604 713 729 758 Jtalien
744 715 916 762 zuſammen
932 720 1071 762 gezogen,
1098 729 1152 756 um
1167 722 1354 767 wenigſtens

514 767 578 809 ihre
594 766 727 804 Gebeine
752 770 783 803 in
807 769 902 812 ihrem
919 770 1113 810 Vaterlande
1136 781 1172 815 zu
1188 775 1290 819 laſſen,
1319 778 1352 819 ſo

512 817 575 857 daß
599 817 643 853 die
660 819 759 862 feigen
774 816 956 865 verlaſſenen
972 823 1084 863 Voͤlker
1106 824 1169 861 eine
1192 818 1278 870 Beute
1299 831 1352 865 der

512 871 718 917 mannhaften
733 874 929 921 Fremdlinge
944 880 1085 915 wurden.

807 969 889 1019 Die
919 970 1051 1029 Kaiſer.

586 1033 776 1087 Honorius
800 1041 985 1083 verordnete,
1011 1038 1076 1088 daß
1099 1047 1148 1083 die
1170 1047 1352 1091 Geiſtlichen

508 1086 571 1127 nur
590 1098 646 1127 vor
661 1093 757 1137 ihrem
773 1095 902 1141 Biſchof
914 1095 1043 1140 belangt
1064 1103 1187 1136 werden
1206 1101 1349 1140 koͤnnten.

582 1157 665 1186 Jhm
687 1156 795 1185 folgte,
831 1156 887 1184 als
916 1148 964 1185 ein
983 1151 1227 1194 ſiebenjaͤriges
1251 1142 1348 1196 Kind,

502 1199 725 1256 Theodoſius
741 1207 806 1248 der
821 1209 969 1255 Zweyte.
1023 1211 1113 1252 Sein
1124 1216 1268 1259 Miniſter
1285 1219 1348 1256 An⸗

506 1257 649 1300 themius
673 1261 737 1293 und
763 1260 839 1301 ſeine
861 1260 1034 1305 Schweſter
1053 1263 1229 1311 Pulcheria,
1254 1266 1346 1309 recht⸗

504 1304 648 1350 ſchaffene
662 1304 828 1355 Perſonen,
853 1307 1001 1354 regierten
1019 1313 1083 1348 das
1097 1310 1178 1350 Land
1196 1317 1261 1352 und
1276 1305 1345 1352 tru⸗

503 1370 563 1407 gen
582 1359 634 1409 fuͤr
658 1365 733 1408 ſeine
748 1364 923 1413 Erziehung
938 1369 1033 1412 große
1047 1370 1176 1415 Sorge;
1203 1373 1249 1409 die
1268 1373 1345 1410 aber

501 1412 669 1453 vergeblich
689 1419 776 1449 war,
804 1415 882 1449 denn
900 1416 937 1449 es
953 1415 1057 1451 wollte
1078 1419 1143 1453 aus
1158 1408 1222 1459 ihm
1237 1418 1345 1456 weiter

502 1468 620 1511 nichts,
643 1469 698 1506 als
716 1471 763 1507 ein
773 1471 889 1509 elender
914 1468 1106 1522 Andaͤchtler
1097 1473 1226 1523 werden.
1255 1481 1343 1522 Dieß

499 1519 574 1555 ging
592 1519 621 1560 ſo
649 1518 731 1556 weit,
758 1515 820 1559 daß
843 1519 890 1555 ein
905 1510 1037 1560 Moͤnch,
1058 1523 1125 1557 dem
1151 1529 1182 1556 er
1198 1522 1261 1560 eine
1285 1524 1342 1561 ab⸗

499 1568 664 1616 ſchlaͤgige
680 1570 801 1619 Antwort
810 1572 951 1616 gegeben,
967 1576 1031 1616 ihm
1047 1576 1101 1611 ins
1109 1576 1231 1621 Geſicht
1247 1579 1341 1623 ſagen

499 1626 624 1670 durfte:
641 1622 749 1669 Nun,
770 1626 804 1674 ſo
815 1626 888 1675 thu'
905 1628 953 1677 ich
962 1626 1058 1672 Euch
1074 1630 1109 1668 in
1119 1631 1183 1671 den
1193 1631 1340 1683 Bann;

497 1676 563 1709 und
581 1673 643 1715 daß
659 1683 690 1709 er
707 1682 763 1711 vor
777 1677 872 1721 Angſt
891 1679 990 1715 keinen
1007 1680 1111 1723 Biſſen
1127 1684 1201 1726 eſſen
1218 1684 1338 1724 konnte,

495 1725 553 1763 bis
576 1730 627 1763 der
650 1724 785 1770 Moͤnch,
814 1730 905 1772 durch
923 1727 1155 1778 Vermittelung
1179 1734 1263 1773 eines
1279 1737 1338 1776 Bi⸗

493 1781 606 1827 ſchofs,
631 1786 686 1820 den
702 1785 799 1822 Bann
824 1784 955 1830 aufhob.

568 1847 637 1885 Der
655 1847 758 1891 heilige
777 1848 922 1895 Cyrillus
940 1846 1069 1888 vertrieb
1087 1853 1133 1890 die
1143 1854 1252 1901 Juden
1269 1854 1336 1892 aus

494 1899 756 1943 Conſtantinopel,
786 1905 876 1939 deren
899 1900 1022 1951 Haͤuſer
1045 1903 1227 1951 gepluͤndert
1249 1916 1336 1944 wur⸗

492 1956 571 1995 den.
616 1957 775 2005 Unruhige
799 1957 935 2006 Moͤnche
965 1960 1076 2006 griffen
1105 1967 1163 2005 den
1188 1967 1335 2005 Gouver⸗

1252 2018 1331 2053 neur
