3192 3190
222 347 311 387 man
322 333 415 389 muß
425 331 506 381 ihm
517 343 554 387 ja
565 324 656 385 nicht
675 322 792 383 allein
803 330 885 378 kein
894 321 1028 381 Boͤſes
1039 316 1163 376 thun/

223 395 373 450 ſondern
389 388 485 441 auch
501 389 596 435 alles
611 387 767 434 Gutes.
823 382 1002 439 Paulus
1020 379 1159 432 richtet

225 448 293 504 ſich
311 442 405 498 nach
424 447 493 489 den
509 440 619 498 zehen
637 440 844 492 Geboten/
869 441 924 482 da
943 444 1036 490 zum
1052 431 1159 485 meh⸗

223 515 310 554 rern
320 503 424 554 Theil
437 505 491 547 die
499 499 651 549 Gebote
663 496 839 551 verfaſſet
851 490 956 550 ſind/
960 493 1065 543 nicht
1077 497 1158 537 der⸗

226 556 375 619 geſtalt/
372 557 443 609 daß
454 558 500 608 ſie
511 560 565 602 die
576 554 788 607 Tugenden
802 560 976 599 nennen:
988 550 1070 598 Du
1081 549 1161 598 ſollt

228 622 351 663 deinen
361 612 552 665 Naͤchſten
570 610 707 661 helffen
725 614 805 655 und
823 605 985 658 foͤrdern
1003 614 1045 650 in
1059 604 1161 648 allen

230 666 555 727 Leibes⸗Noͤhten;
573 669 653 716 Du
668 666 751 718 ſollt
766 663 894 714 keuſch
909 667 991 709 und
1007 657 1161 715 zuͤchtig

232 727 354 776 leben;
383 727 453 774 Du
477 724 558 777 ſollt
579 726 728 768 deinem
751 718 956 770 Naͤchſten
972 717 1047 764 ſein
1067 716 1162 761 Gut

232 787 311 830 und
325 778 520 833 Nahrung
540 774 676 829 helffen
699 771 842 827 beſſern
865 778 946 820 und
972 767 1162 821 behuͤten;

236 839 312 884 Du
328 834 402 883 ſollt
417 833 505 878 alles
519 830 629 877 Gute
646 836 726 874 von
745 826 830 873 ihm
848 820 981 878 reden/
995 827 1078 871 und
1092 823 1163 868 alle

238 893 365 946 Dinge
376 898 459 945 zum
470 886 589 935 beſten
600 885 770 938 kehren;
770 883 935 936 ſondern
944 873 1168 936 dergeſtalt/

237 947 308 999 daß
323 952 375 991 die
386 941 573 1002 groͤbeſten
594 940 724 993 Laſter
740 936 944 991 namhafft
962 932 1164 989 gemachet

237 1006 403 1050 werden:
437 1002 511 1048 Du
536 998 616 1051 ſollt
643 995 749 1047 nicht
779 992 942 1042 toͤdten;
973 993 1057 1040 Du
1082 990 1165 1039 ſollt

240 1058 337 1108 nicht
349 1053 575 1110 ehebrechen;
591 1057 670 1103 Du
687 1052 772 1099 ſollt
788 1050 894 1098 nicht
910 1047 1071 1099 ſtehlen;
1086 1048 1166 1091 Du

242 1117 318 1167 ſollt
326 1115 399 1159 kein
409 1110 513 1164 falſch
521 1105 698 1165 Zeugniß
707 1106 840 1163 geben.
854 1106 945 1156 Alſo
956 1100 1028 1155 hat
1036 1104 1168 1149 GOtt

244 1173 304 1216 der
318 1165 442 1222 HErr
455 1165 540 1217 ſeine
555 1162 708 1213 Gebote
725 1158 930 1212 verfaſſet/
948 1156 1054 1210 nicht
1070 1154 1167 1203 ohne

243 1214 391 1277 Urſach/
386 1219 530 1270 ſondern
552 1227 590 1263 er
601 1216 682 1263 will
691 1208 903 1267 andeuten/
917 1208 968 1260 wie
986 1213 1045 1256 die
1056 1208 1170 1255 aller⸗

246 1275 421 1332 geringſte
428 1269 705 1326 Verſaͤumung
722 1268 791 1323 deß
805 1271 949 1318 Guten
964 1264 1035 1320 fuͤr
1047 1265 1168 1320 ſeinen

247 1322 380 1389 Augen
397 1332 463 1373 wie
483 1331 537 1374 die
555 1316 753 1385 groͤſſeſten
771 1322 906 1377 Laſter
921 1324 1171 1367 verdammet

249 1393 402 1434 werden.
420 1386 491 1434 Als
501 1394 614 1431 wenn
625 1386 679 1430 du
689 1384 840 1429 deinem
849 1375 1053 1432 Naͤchſten
1066 1374 1172 1427 nicht

250 1445 354 1494 hilffſt
367 1443 454 1493 noch
467 1440 621 1492 foͤrderſt
642 1445 685 1486 in
702 1438 805 1485 allen
817 1426 1177 1485 Leibes⸗Noͤhten/

248 1504 282 1554 ſo
302 1501 340 1546 iſt
357 1506 396 1545 es
410 1498 472 1548 fuͤr
493 1499 621 1546 GOtt
639 1496 676 1548 ſo
690 1488 793 1547 viel/
800 1495 865 1541 als
886 1490 1016 1540 habeſt
1033 1496 1086 1536 du
1102 1487 1170 1539 ihn

252 1550 431 1609 getoͤdtet;
456 1551 588 1599 Wenn
610 1553 665 1595 du
690 1552 841 1596 deinem
864 1544 1071 1598 Naͤchſten
1098 1542 1172 1594 ſein

254 1614 340 1658 Gut
360 1614 431 1654 und
444 1605 650 1661 Nahrung
670 1602 776 1655 nicht
796 1602 912 1655 hilffſt
931 1599 1075 1652 beſſern
1093 1601 1174 1645 und

252 1656 430 1714 behuͤten/
433 1664 465 1712 ſo
478 1660 556 1714 haſt
571 1667 623 1708 du
638 1656 706 1712 fuͤr
717 1657 895 1708 GOttes
907 1653 1053 1709 Augen
1067 1658 1176 1697 einen

254 1717 423 1766 Diebſtall
434 1715 647 1771 begangen;
662 1718 782 1760 wenn
792 1715 847 1757 du
857 1708 964 1762 nicht
974 1710 1071 1755 alles
1079 1708 1173 1756 Gu⸗

257 1779 315 1819 tes
325 1779 395 1819 von
410 1776 489 1818 dem
503 1760 704 1823 Naͤchſten
723 1758 874 1821 redeſt/
880 1767 964 1812 und
981 1761 1089 1817 nicht
1104 1761 1177 1806 alle

257 1831 382 1880 Dinge
396 1836 478 1881 zum
495 1827 637 1880 Beſten
658 1825 820 1879 kehreſt/
833 1825 869 1876 ſo
886 1820 1023 1877 heiſſeſt
1039 1829 1090 1867 du
1107 1817 1177 1872 fuͤr

259 1889 414 1932 GOttes
429 1885 561 1935 Augen
580 1888 641 1929 ein
660 1878 820 1935 falſcher
835 1876 980 1933 Zeuge.
1047 1873 1182 1924 Aber/

259 1947 332 1984 wer
349 1938 470 1989 ſeinem
484 1935 681 1988 Naͤchſten
701 1937 783 1982 kein
798 1933 939 1982 Gutes
957 1923 1090 1984 thut/
1096 1931 1179 1976 und

260 1996 319 2040 ihn
334 1999 381 2039 im
398 1995 476 2041 Leid
492 1991 592 2047 laͤſſet
606 1988 754 2045 ſtecken/
792 1992 833 2035 der
847 1986 919 2042 hat
934 1982 1035 2038 nach
1047 1986 1176 2033 GOt⸗

262 2042 316 2093 tes
335 2043 484 2096 Gericht
507 2045 588 2097 ihm
608 2042 697 2091 Leid
718 2037 881 2098 gethan.
954 2037 1100 2093 Speiſe
1122 2034 1170 2082 ich

263 2099 354 2154 nicht
368 2104 427 2147 den
439 2096 724 2156 Hungerigen/
722 2103 840 2143 wenn
859 2091 916 2143 ich
935 2097 979 2140 es
996 2094 1180 2147 vermag/

266 2156 349 2209 muß
360 2167 393 2203 er
404 2148 705 2209 meinenthalben
714 2151 875 2204 ſterben.
894 2148 1079 2203 Darauß
1092 2148 1181 2200 ſihet

264 2208 366 2261 man/
373 2220 432 2260 wie
447 2218 518 2261 das
531 2214 647 2269 wahr
660 2211 728 2264 iſt;
749 2211 866 2260 Was
880 2211 968 2257 dem
979 2203 1184 2260 Naͤchſten

265 2271 336 2315 kein
353 2263 459 2319 Boͤſes
477 2267 591 2323 thut/
611 2266 655 2319 iſt
673 2264 742 2317 deß
756 2264 929 2319 Geſetzes
945 2258 1190 2316 Erfuͤllung.

268 2323 376 2370 Denn
391 2320 509 2373 Boͤſes
527 2321 627 2374 thun
646 2315 770 2372 heiſſet
787 2315 918 2372 auch/
959 2321 1068 2361 wenn
1086 2320 1186 2358 man

268 2376 361 2429 nicht
370 2375 475 2430 hilfft/
499 2379 562 2423 und
576 2376 715 2422 Gutes
726 2371 848 2429 thut/
845 2374 895 2415 da
908 2378 1006 2415 man
1019 2369 1094 2413 kan
1106 2376 1181 2411 und

267 2432 336 2480 ſoll.
385 2431 484 2480 Was
500 2440 584 2477 nun
602 2432 689 2478 dem
705 2425 909 2482 Naͤchſten
931 2427 1012 2472 kein
1029 2421 1187 2478 Boͤſes/

267 2484 410 2538 ſondern
426 2485 513 2533 alles
531 2486 672 2534 Gutes
700 2483 819 2542 thut/
846 2480 892 2533 iſt
919 2478 989 2531 deß
1016 2476 1191 2531 Geſetzes

265 2542 474 2599 Erfuͤllung.
519 2543 629 2590 Nun
642 2541 736 2589 aber
750 2538 795 2591 iſt
807 2544 874 2586 der
894 2536 993 2587 Liebe
1013 2532 1105 2596 Art/
1113 2537 1189 2580 daß

265 2599 307 2645 ſie
324 2605 399 2645 dem
418 2596 614 2652 Naͤchſten
632 2596 715 2644 kein
733 2593 892 2647 Boͤſes/
912 2593 1078 2644 ſondern
1094 2589 1189 2641 alles

264 2653 386 2699 Gutes
397 2649 503 2710 thut/
518 2652 579 2703 wie
595 2650 737 2703 ſolches
755 2645 912 2700 klaͤrlich
928 2643 1100 2703 darthut
1115 2647 1189 2689 das

263 2711 372 2764 Geſetz
385 2713 445 2756 der
456 2708 581 2760 Liebe:
591 2710 675 2759 Du
690 2704 787 2756 ſollt
801 2704 957 2753 deinen
967 2696 1196 2757 Naͤchſten

261 2757 385 2808 lieben
403 2759 471 2808 als
505 2754 595 2822 dich
612 2758 779 2821 ſelbſt.
798 2761 882 2805 Ein
893 2758 1083 2807 Exempel
1104 2755 1194 2807 neh⸗

259 2829 333 2869 met
346 2833 396 2870 an
412 2828 474 2871 der
489 2815 765 2877 auffrichtigen
782 2815 893 2866 Liebe
911 2819 1019 2865 eines
1036 2810 1194 2871 from̃en

1198 317 1372 369 Vaters/
1390 317 1491 361 denn
1502 314 1592 361 weil
1604 316 1671 358 der
1683 311 1804 362 ſeinen
1818 312 2018 360 frommen
2033 310 2164 352 Sohn

1202 376 1336 425 liebet/
1359 373 1454 426 thut
1472 375 1567 419 oder
1584 365 1785 424 wuͤnſchet
1801 378 1842 415 er
1862 366 1944 420 ihm
1966 369 2047 412 kein
2065 363 2163 416 Boͤ⸗

1202 428 1282 481 ſes/
1299 430 1463 481 ſondern
1482 430 1579 475 alles
1596 427 1755 474 Gutes.
1812 425 1989 473 Darum
2008 420 2050 466 iſt
2070 428 2163 467 nun

1204 486 1328 538 gewiß
1349 491 1405 532 die
1422 482 1531 534 Liebe
1550 484 1618 535 deß
1638 481 1808 535 Geſetzes
1825 477 2064 534 Erfuͤllung.

1312 544 1429 590 Man
1458 539 1601 586 koͤnnte
1631 538 1712 590 hier
1743 536 1897 591 ſagen:
1942 519 2165 589 Chriſtus/

1201 595 1364 649 Matth.
1381 603 1452 638 am
1471 603 1538 637 22.
1556 596 1595 635 v.
1611 599 1673 642 37.
1690 599 1754 640 39.
1770 600 1839 632 40.
1861 581 2073 642 bezeuget/
2084 583 2166 637 daß

1206 662 1257 697 die
1278 645 1505 705 Erfuͤllung
1529 646 1600 698 deß
1618 635 1790 700 Geſetzes
1812 642 1953 696 beſtehe
1978 639 2084 694 nicht
2105 639 2167 686 al⸗

1203 708 1277 755 lein
1295 716 1338 753 in
1354 710 1422 753 der
1440 706 1553 754 Liebe
1571 703 1642 752 deß
1657 695 1895 754 Naͤchſten/
1907 701 2070 750 ſondern
2091 696 2165 749 fuͤr

1208 767 1274 814 erſt
1291 769 1333 810 in
1348 768 1414 810 der
1427 761 1539 808 Liebe
1550 752 1756 812 GOttes/
1755 763 1837 804 und
1853 752 2024 809 hernach
2041 764 2080 800 in
2098 759 2163 799 der

1207 815 1313 867 Liebe
1332 819 1402 866 deß
1415 808 1654 865 Naͤchſten/
1658 818 1758 859 denn
1778 813 1814 864 ſo
1835 810 1979 865 ſpricht
1999 820 2060 857 er:
2081 809 2167 859 Du

1203 872 1299 924 ſollt
1319 868 1456 919 lieben
1472 870 1624 921 GOtt
1651 868 1806 915 deinen
1832 858 2058 921 HErrn/
2068 870 2169 909 von

1202 932 1400 979 gantzem
1417 917 1644 982 Hertzen/
1651 930 1749 969 von
1764 913 1941 978 gantzer
1959 913 2170 975 Seelen/

1204 996 1302 1035 von
1328 986 1526 1047 gantzem
1551 979 1775 1032 Gemuͤht.
1859 979 1958 1034 Diß
1991 975 2044 1031 iſt
2074 977 2166 1023 das

1205 1034 1472 1087 fuͤrnehmſte
1490 1034 1584 1081 und
1603 1027 1806 1091 groͤſſeſte
1826 1029 1996 1083 Gebot.
2053 1028 2166 1077 Das

1209 1097 1344 1143 ander
1372 1094 1427 1151 iſt
1454 1094 1552 1139 dem
1580 1080 1748 1147 gleich:
1777 1090 1860 1140 Du
1889 1086 1986 1135 ſollt
2012 1085 2168 1132 deinen

1206 1148 1434 1208 Naͤchſten
1451 1145 1590 1197 lieben
1607 1146 1680 1196 als
1701 1145 1801 1200 dich
1821 1142 1954 1201 ſelbſt.
1982 1144 2053 1202 Jn
2074 1144 2169 1189 die⸗

1205 1217 1273 1251 ſen
1290 1214 1468 1265 zweyen
1488 1200 1701 1254 Geboten
1718 1195 1890 1256 hanget
1911 1197 2003 1242 das
2016 1201 2170 1251 gantze

1207 1266 1358 1319 Geſetz
1376 1264 1470 1312 und
1490 1262 1560 1308 die
1566 1257 1850 1318 Propheten.

1264 1314 1458 1370 Darauff
1464 1315 1507 1363 iſt
1519 1310 1665 1364 erſtlich
1676 1320 1722 1365 zu
1733 1298 1986 1363 antworten/
1992 1307 2070 1356 daß
2081 1304 2168 1355 fuͤr⸗

1210 1372 1402 1429 nehmlich
1414 1371 1507 1424 auff
1511 1375 1567 1419 die
1576 1368 1730 1419 Gebote
1742 1373 1808 1414 der
1818 1371 1970 1412 andern
1978 1363 2096 1414 Tafel
2109 1371 2171 1420 ge⸗

1209 1431 1316 1484 ſehen
1334 1429 1463 1477 wird/
1483 1435 1601 1472 wenn
1618 1424 1798 1480 Paulus
1811 1422 1937 1477 ſaget:
1954 1422 2070 1472 Wer
2086 1421 2170 1466 den

1213 1484 1380 1533 andern
1388 1477 1541 1533 liebet/
1560 1468 1624 1530 der
1621 1475 1703 1534 hat
1714 1479 1806 1525 das
1815 1467 1964 1537 Geſetz
1976 1469 2173 1529 erfuͤllet;

1211 1546 1302 1594 Und
1322 1539 1524 1591 abermal:
1545 1538 1637 1587 Die
1647 1536 1775 1588 Liebe
1796 1535 1852 1590 iſt
1871 1538 1953 1586 deß
1974 1529 2173 1587 Geſetzes

1218 1591 1477 1652 Erfuͤllung.
1524 1594 1653 1641 Denn
1672 1600 1791 1636 wenn
1809 1591 1881 1637 alle
1899 1578 2086 1641 Gebote/
2098 1581 2173 1633 wie

1215 1654 1287 1699 viel
1304 1654 1417 1698 deren
1437 1645 1538 1700 auch
1559 1639 1666 1701 ſeyn/
1681 1649 1738 1691 die
1755 1651 1834 1692 von
1851 1649 1917 1691 der
1929 1638 2107 1697 Gebuͤhr
2124 1643 2171 1687 ei⸗

1214 1715 1287 1758 nes
1303 1706 1487 1760 Chriſten
1505 1712 1626 1760 gegen
1644 1706 1734 1749 dem
1756 1701 1962 1752 Naͤchſten
1983 1689 2176 1754 handeln/

1213 1774 1256 1809 in
1271 1766 1351 1809 eine
1364 1762 1576 1815 Ordnung
1597 1754 1750 1814 gefaſſet
1770 1747 1953 1810 werden/
1958 1753 1993 1803 ſo
2011 1748 2175 1803 machen

1216 1820 1263 1873 ſie
1274 1824 1337 1864 ein
1347 1813 1517 1873 ziemlich
1533 1813 1673 1869 langes
1687 1816 1769 1858 und
1782 1808 2084 1865 weitlaͤufftiges
2093 1810 2176 1856 Re⸗

1215 1875 1343 1926 giſter.
1415 1876 1511 1920 Wie
1531 1872 1625 1918 aber
1646 1868 1871 1921 Kauffleute
1890 1869 1972 1921 ihre
1995 1864 2177 1919 Schuld⸗

1215 1918 1385 1984 Buͤcher
1399 1922 1580 1982 ſchlieſſen
1599 1926 1675 1970 mit
1690 1926 1795 1968 einer
1815 1920 2013 1968 Summa
2034 1918 2179 1964 Sum⸗

1217 1979 1402 2036 marum/
1415 1985 1451 2037 ſo
1469 1981 1543 2036 hat
1562 1980 1663 2032 auch
1682 1982 1815 2030 GOtt
1831 1980 1903 2026 alle
1915 1977 2079 2030 Schuld
2096 1978 2179 2021 und

1217 2032 1417 2094 Pflicht/
1408 2042 1538 2087 damit
1552 2044 1630 2084 wir
1646 2043 1727 2082 von
1739 2035 1917 2083 GOttes
1935 2040 2070 2087 wegen
2089 2034 2179 2075 dem

1218 2095 1421 2148 Naͤchſten
1447 2091 1683 2145 verhafftet/
1712 2096 1753 2138 in
1783 2092 1871 2134 dieſe
1893 2077 2088 2136 Summa
2118 2092 2181 2140 ge⸗

1219 2151 1372 2203 bracht.
1419 2150 1502 2201 Du
1520 2146 1614 2198 ſollt
1628 2146 1783 2194 deinen
1796 2135 2024 2200 Naͤchſten
2044 2138 2183 2188 lieben

1219 2210 1309 2257 wie
1335 2207 1436 2261 dich
1463 2203 1598 2259 ſelbſt.
1672 2203 1775 2251 Eine
1803 2199 1953 2256 jegliche
1984 2198 2183 2255 Tugend/

1222 2269 1288 2313 als
1303 2259 1688 2316 Barmhertzigkeit/
1699 2252 1953 2307 Mildigkeit/
1971 2242 2190 2308 Warheit/

1222 2315 1512 2373 Gerechtigkeit
1531 2305 1602 2370 hat
1620 2313 1682 2366 ihr
1701 2321 1809 2365 eigen
1824 2301 1991 2366 Werck/
2012 2308 2108 2356 aber
2124 2310 2183 2353 die

1222 2377 1330 2424 Liebe
1359 2377 1432 2426 hat
1453 2376 1536 2421 kein
1562 2374 1670 2425 eigen
1694 2372 1862 2423 Werck/
1895 2368 2059 2421 ſondern
2089 2366 2186 2411 aller

1223 2432 1441 2488 Tugenden
1452 2423 1619 2481 Werck/
1624 2432 1679 2474 die
1695 2436 1794 2472 man
1810 2433 1929 2479 gegen
1944 2428 2030 2471 dem
2043 2421 2187 2474 Naͤch⸗

1224 2490 1303 2539 ſten
1325 2480 1459 2538 uͤbet/
1457 2487 1539 2538 ſind
1556 2492 1624 2530 der
1642 2484 1752 2530 Liebe
1766 2485 1920 2530 Werck.
1968 2482 2059 2528 Und
2082 2485 2117 2530 ſo
2133 2483 2188 2524 et⸗

1225 2547 1320 2590 was
1336 2540 1442 2594 nicht
1460 2538 1543 2591 auß
1559 2542 1628 2586 der
1643 2536 1753 2585 Liebe
1773 2527 1950 2585 koͤmmt/
1968 2533 2012 2583 iſt
2028 2538 2071 2578 es
2087 2527 2187 2583 auch

1228 2601 1329 2648 keine
1350 2595 1535 2650 Tugend.
1588 2596 1681 2643 Alſo
1699 2593 1743 2644 iſt
1760 2598 1836 2640 das
1852 2591 1975 2644 Geſttz
1993 2594 2060 2637 der
2080 2587 2190 2637 Liebe

1227 2655 1325 2708 kurtz
1344 2658 1426 2700 von
1444 2644 1652 2701 Worten/
1671 2646 1768 2692 aber
1785 2647 1867 2701 ſehr
1887 2646 1981 2700 lang
2002 2641 2101 2695 nach
2124 2649 2192 2688 der

1231 2710 1393 2765 Ubung.
1428 2709 1493 2756 Es
1506 2707 1551 2754 iſt
1562 2713 1621 2753 ein
1632 2699 1787 2756 Gebot/
1796 2706 1878 2750 und
1892 2704 1962 2748 alle
1971 2700 2142 2753 Gebote/
2154 2700 2194 2754 ſo

1230 2765 1305 2812 viel
1319 2767 1436 2809 deren
1454 2763 1601 2806 immer
1615 2756 1701 2810 ſeyn
1719 2749 1888 2811 koͤnnen/
1904 2758 1955 2799 die
1984 2759 2047 2798 uns
2061 2750 2194 2800 lehren

1231 2824 1354 2875 gegen
1369 2821 1459 2869 dem
1475 2814 1680 2873 Naͤchſten
1700 2814 1772 2867 ſich
1790 2809 1897 2865 recht
1912 2821 1959 2867 zu
1976 2806 2195 2863 verhalten.
