1835 2565
711 522 789 549 man
811 511 887 558 ſeine
905 509 1013 559 Ruhe,
1053 509 1130 556 ſeine
1149 506 1256 558 Ehre,
1297 508 1373 555 ſeine
1396 507 1521 557 Guͤter,
1560 506 1639 555 ſeine

712 563 873 612 Freyheit,
916 565 975 612 ſein
997 563 1084 603 Leben
1109 563 1194 612 ſelbſt
1222 566 1278 603 den
1302 561 1554 609 Verſpottungen
1584 563 1639 598 der

712 613 902 661 Boshaften
918 624 988 659 zum
1004 611 1123 651 Raube
1141 610 1303 658 ausgeſetzt
1320 610 1403 659 ſieht.
1454 608 1640 657 Ungeachtet

713 669 769 705 des
787 662 1094 714 allerfriedfertigſten
1110 661 1259 709 Herzens,
1285 659 1461 707 ungeachtet
1480 666 1535 698 des
1554 662 1643 698 aller⸗

713 713 1021 762 gleichgeſinnteſten,
1050 716 1105 751 des
1127 710 1429 760 uneigennuͤtzigſten,
1458 712 1513 748 des
1534 708 1645 759 gedul⸗

711 770 830 817 digſten
849 766 1031 816 Gemuͤths;
1065 765 1242 813 ungeachtet
1266 769 1318 803 der
1340 764 1642 813 alleruntadelhafte⸗

712 825 776 871 ſten
791 822 1011 870 Auffuͤhrung:
1037 820 1066 866 ſo
1086 821 1125 867 iſt
1139 831 1215 860 man
1231 819 1303 864 doch
1320 829 1376 859 vor
1390 822 1448 858 den
1464 819 1639 867 ſchlimmen

714 873 886 921 Urtheilen,
913 880 969 909 vor
989 876 1045 909 den
1062 870 1199 913 Stichen
1223 869 1306 916 boͤſer
1322 867 1453 916 Zungen
1469 867 1549 912 nicht
1564 866 1641 912 frey.

713 928 808 969 Man
829 927 903 973 ſieht
931 926 987 972 ſich
1015 925 1106 969 durch
1136 924 1223 962 einen
1248 923 1412 969 Betruͤger
1439 922 1641 964 verleumdet,

712 975 804 1017 durch
827 973 914 1009 einen
939 968 1209 1019 unrechtmaͤßigen
1232 966 1461 1017 Beſitznehmer
1484 957 1651 1014 angegrif⸗

711 1030 775 1077 fen,
805 1036 862 1067 vor
886 1027 933 1068 die
951 1025 1180 1078 Richterſtuͤhle
1201 1024 1374 1075 geſchleppt,
1403 1024 1494 1068 durch
1508 1029 1556 1062 die
1572 1026 1641 1065 Ge⸗

712 1075 949 1126 waltthaͤtigkeit
966 1075 1034 1115 uͤbel
1053 1074 1316 1121 mitgenommen,
1348 1081 1410 1112 von
1428 1075 1485 1113 den
1500 1072 1642 1121 Maͤchti⸗

713 1141 772 1176 gen
795 1127 1011 1178 unterdruͤcket,
1041 1131 1097 1168 des
1111 1119 1276 1179 Erbtheils
1294 1126 1388 1176 ſeiner
1400 1124 1513 1167 Eltern
1533 1125 1642 1163 berau⸗

711 1181 774 1230 bet,
800 1190 857 1219 um
871 1182 929 1218 den
944 1180 1023 1229 Lohn
1044 1178 1136 1226 ſeiner
1153 1177 1301 1219 Arbeiten
1321 1173 1474 1227 gebracht,
1507 1183 1569 1215 von
1590 1175 1643 1225 ſei⸗

713 1246 772 1274 nen
786 1234 1021 1281 Bedienungen
1041 1229 1287 1281 ausgeſchloſſen.
1340 1230 1412 1271 Die
1427 1229 1554 1279 Klagen
1574 1228 1646 1267 und

713 1292 763 1330 die
785 1285 1078 1335 Rechtfertigungen
1102 1285 1167 1333 ſind
1189 1284 1314 1336 unnuͤtze
1334 1282 1557 1333 Huͤlfsmittel;
1593 1283 1646 1325 die

714 1342 865 1389 Unſchuld
881 1338 953 1377 aber
968 1338 1062 1385 findet
1085 1338 1158 1383 ſtets
1176 1339 1245 1379 eins
1261 1338 1293 1375 in
1303 1332 1367 1391 ſich
1381 1331 1500 1390 ſelbſt,
1513 1335 1642 1380 welches

712 1397 764 1445 ihr
780 1392 861 1433 keine
876 1390 1133 1441 Ungerechtigkeit
1154 1380 1288 1440 nehmen
1309 1390 1413 1431 kann.
1455 1390 1525 1432 Sie
1546 1389 1643 1437 ſindet

713 1448 748 1476 in
762 1448 814 1475 der
828 1442 1085 1483 Ungerechtigkeit
1105 1437 1203 1483 ſelbſt,
1225 1433 1318 1476 und
1307 1436 1344 1486 in
1354 1436 1435 1473 allen
1455 1436 1552 1472 denen
1567 1422 1648 1472 Be⸗

714 1498 901 1539 ſchwerden,
939 1495 988 1528 die
1012 1493 1060 1539 ihr
1081 1498 1143 1528 von
1163 1493 1222 1527 den
1240 1483 1373 1537 Fehlern
1395 1483 1448 1531 der
1470 1477 1644 1533 Menſchen

714 1549 901 1591 verurſachet
916 1548 1055 1591 werden,
1085 1544 1178 1591 ſolche
1192 1539 1379 1593 Vortheile,
1408 1540 1515 1587 welche
1530 1541 1580 1591 ihr
1594 1541 1644 1582 die

714 1601 942 1639 Beſchwerden
958 1599 1070 1627 wieder
1083 1595 1249 1635 verguͤten,
1268 1593 1343 1624 und
1366 1585 1475 1632 welche
1498 1588 1556 1623 den
1574 1584 1646 1633 Jn⸗

715 1656 783 1702 halt
813 1654 868 1690 des
896 1652 1011 1690 dritten
1031 1645 1143 1699 Theils
1167 1649 1285 1696 unſerer
1306 1647 1432 1691 Schule
1454 1647 1645 1693 ausmachen

716 1709 851 1744 werden.
913 1702 985 1754 Jhr
1006 1702 1165 1754 Schickſal
1190 1703 1228 1750 iſt
1251 1701 1387 1741 niemals
1417 1710 1453 1749 zu
1482 1697 1654 1746 beklagen;

716 1761 782 1793 und
798 1758 856 1791 alle
881 1756 928 1801 ihr
944 1753 1116 1792 Mitleiden
1138 1751 1215 1799 muß
1235 1747 1287 1797 fuͤr
1300 1738 1478 1797 diejenigen
1494 1746 1646 1796 aufgeho⸗

716 1813 774 1849 ben
789 1812 921 1853 werden,
945 1803 1052 1853 welche
1069 1809 1107 1853 ſie
1122 1817 1159 1853 zu
1175 1805 1386 1855 beunruhigen
1401 1804 1519 1852 ſuchen.

791 1861 863 1896 Sie
887 1859 1006 1901 muͤſſen
1031 1858 1095 1900 alſo
1119 1853 1305 1899 wenigſtens
1329 1853 1422 1894 durch
1446 1852 1533 1897 unſer
1552 1849 1645 1898 Bey⸗

717 1915 789 1960 ſpiel
810 1913 1003 1953 unterrichtet
1017 1912 1149 1948 werden.
1201 1906 1294 1957 Laſſet
1308 1915 1371 1946 uns
1388 1908 1470 1957 ihrer
1485 1906 1644 1955 Wildheit

718 1969 837 2009 nichts,
865 1966 916 2000 als
931 1960 1154 2010 Sanſtmuth,
1187 1960 1274 2009 ihren
1291 1958 1525 2006 Scheltworten
1545 1958 1645 2002 nichts

717 2023 769 2057 als
793 2018 1064 2063 Stillſchweigen,
1090 2015 1177 2060 ihren
1201 2012 1349 2058 Anfaͤllen
1383 2011 1481 2056 nichts
1505 2013 1555 2049 als
1578 2011 1647 2050 Ge⸗

716 2073 893 2113 laſſenheit,
916 2070 1004 2112 ihren
1032 2064 1269 2110 Entruͤſtungen
1302 2054 1424 2110 nichts,
1453 2063 1506 2100 als
1527 2052 1663 2108 Maͤßi⸗

716 2134 803 2168 gung
820 2129 965 2168 entgegen
983 2118 1079 2167 ſetzen.
1128 2117 1218 2168 Laſſet
1239 2125 1301 2159 uns
1315 2118 1381 2170 ihre
1394 2116 1539 2168 Bosheit
1554 2115 1647 2160 durch
