1618 2538
395 452 478 495 kann
496 435 643 508 beſaͤet
636 447 788 492 werden.
848 444 940 489 Eine
959 444 1089 490 Tonne
1106 439 1333 493 Leinſaamen
1357 435 1418 490 ſoll

396 517 569 557 entweder
591 514 707 555 etwas
730 506 831 561 uͤber,
861 513 943 551 oder
964 508 1047 562 doch
1072 504 1281 557 wenigſtens
1297 513 1419 556 9000

397 571 711 628 Quadratſchritte
740 564 1010 624 Flaͤcheninhalt
1038 564 1259 616 einnehmen,
1295 560 1421 615 welche

396 627 526 686 Flaͤche
541 641 581 683 zu
597 630 688 673 einer
699 627 847 682 Tonne,
861 626 913 669 die
928 626 1047 678 richtig
1054 616 1223 680 5/4Schfl.
1254 621 1421 667 Dresdner

399 692 522 736 Maas
540 683 630 741 haͤlt,
662 683 889 737 nothwendig
911 681 1080 733 erfordert
1101 679 1237 725 wird.
1260 678 1341 733 Hat
1363 685 1423 722 der

397 744 626 796 Leinſaamen
641 742 796 786 alsdann
809 738 894 791 dieſe
907 735 1034 793 Flaͤche
1052 735 1327 790 eingenommen,
1348 738 1425 778 und

400 809 461 847 der
481 802 656 845 Saamen
680 798 718 847 iſt
734 803 798 848 gut
812 795 980 848 geweſen,
1010 795 1044 847 ſo
1059 793 1149 836 wird
1164 805 1200 835 er
1213 795 1265 838 die
1281 791 1425 845 mehrſte

404 860 483 914 Zeit
501 858 592 912 nicht
608 867 649 909 zu
666 856 768 908 dicke,
798 861 880 897 oder
895 864 935 905 zu
950 850 1069 897 duͤnne
1083 850 1207 904 ſtehen.
1259 851 1427 905 Beydes,

399 916 539 972 ſowohl
557 920 627 958 das
643 916 732 958 dicke
748 917 807 957 als
819 911 937 954 duͤnne
949 913 1080 963 ſtehen,
1108 907 1148 958 iſt
1164 904 1312 959 ſelbigen
1321 906 1426 960 gleich

405 971 634 1024 nachtheilig;
662 974 752 1013 denn
767 968 868 1022 ſtehet
883 979 918 1009 er
932 974 973 1021 zu
986 964 1091 1022 dicke,
1120 962 1153 1018 ſo
1168 964 1282 1008 wird
1280 964 1319 1012 er
1325 965 1429 1014 beym

408 1038 515 1093 erſten
539 1032 704 1087 ſchweren
728 1031 855 1085 Regen
879 1037 960 1075 oder
978 1028 1109 1084 Nebel,
1138 1026 1201 1085 ſich
1227 1024 1365 1083 ſogleich
1391 1025 1431 1070 in

409 1081 601 1142 Erdboden
624 1093 739 1144 legen,
767 1095 841 1134 und
864 1087 957 1139 muß
972 1093 1061 1139 ganz
1073 1081 1202 1138 unreif
1217 1082 1432 1138 aufgezogen

409 1158 566 1206 werden,
596 1158 708 1194 wann
722 1162 757 1193 er
771 1149 863 1201 nicht
876 1145 1058 1199 verfaulen
1082 1150 1154 1188 und
1168 1152 1244 1196 ganz
1263 1152 1305 1195 zu
1319 1141 1432 1196 ſchan⸗

412 1219 479 1258 den
502 1216 641 1254 werden
664 1209 733 1263 ſoll.
803 1209 874 1260 Jm
899 1211 1031 1251 andern
1060 1204 1162 1261 Fall,
1199 1213 1310 1247 wann
1332 1212 1367 1244 er
1390 1208 1434 1254 zu

412 1267 533 1312 duͤnne
555 1263 674 1317 ſtehet,
703 1260 738 1315 ſo
757 1264 848 1306 wird
869 1258 1065 1311 insgemein
1063 1255 1116 1313 ein
1117 1256 1248 1310 ſtark
1263 1244 1435 1309 ſtenglich⸗

414 1337 466 1375 ter
489 1332 563 1372 und
579 1328 711 1380 harter,
741 1326 777 1374 ja
793 1324 931 1376 ſproͤder
944 1325 1124 1374 Flachs.
1148 1324 1234 1363 Aus
1250 1322 1359 1371 dieſen
1376 1322 1461 1372 ha⸗

418 1392 483 1431 ben
498 1388 575 1430 Sie
589 1388 643 1428 die
653 1382 756 1427 Guͤte
767 1376 962 1435 vorzuͤglich
978 1387 1021 1433 zu
1034 1377 1225 1431 bemerken,
1253 1373 1321 1421 wie
1335 1374 1436 1429 noth⸗

417 1444 559 1499 wendig
575 1448 614 1488 es
628 1441 698 1499 ſey,
727 1440 797 1496 daß
815 1451 900 1485 man
915 1437 1008 1494 ſuche
1024 1439 1078 1485 die
1093 1437 1205 1493 rechte
1229 1435 1438 1492 Proportion

420 1509 485 1559 bey
506 1510 565 1548 der
581 1503 691 1548 Saat
704 1510 744 1554 zu
762 1500 897 1553 treffen.
954 1501 1049 1548 Soll
1064 1491 1128 1547 aber
1156 1490 1259 1544 einer
1280 1506 1340 1540 von
1361 1496 1438 1546 bey⸗

421 1571 487 1609 den
504 1563 653 1616 Fehlern
671 1562 752 1615 ſtatt
768 1559 904 1615 finden,
932 1557 966 1611 ſo
981 1558 1080 1610 rathe
1095 1558 1144 1610 ich
1161 1555 1307 1610 Jhnen,
1337 1554 1440 1598 lieber

423 1630 466 1675 zu
483 1620 602 1668 duͤnne
617 1621 676 1662 als
694 1627 736 1672 zu
755 1620 844 1662 dicke
856 1614 933 1670 ſaͤen
949 1625 991 1670 zu
1005 1614 1125 1669 laſſen,
1153 1618 1245 1656 denn
1254 1620 1316 1657 der
1331 1613 1441 1659 Saa⸗

425 1688 497 1722 me,
532 1682 598 1718 den
619 1676 695 1721 Sie
720 1673 887 1726 ſpahren,
913 1670 1024 1723 erſetzt
1049 1670 1164 1716 etwas
1189 1669 1345 1719 weniges
1366 1674 1441 1710 von

423 1728 503 1777 dem
517 1731 684 1784 Verluſt,
711 1730 746 1781 ſo
760 1728 837 1772 Sie
852 1739 913 1772 am
929 1711 1051 1785 harten
1066 1722 1199 1780 Flachs
1215 1724 1338 1776 leiden,
1359 1719 1442 1765 wie⸗

419 1798 503 1846 der;
533 1789 683 1845 obgleich
699 1793 739 1832 es
754 1789 819 1831 mit
836 1793 915 1832 dem
934 1786 1107 1840 Schaden
1123 1782 1215 1835 nicht
1229 1784 1266 1827 in
1278 1783 1443 1834 Verglei⸗

426 1852 540 1903 chung
556 1857 595 1899 zu
611 1845 719 1900 ſetzen.
776 1844 909 1890 Wann
922 1851 981 1888 der
994 1851 1066 1887 von
1082 1840 1181 1894 dieſer
1218 1834 1280 1891 Art
1265 1841 1444 1889 Saamen

427 1910 589 1952 erbauter
609 1901 835 1957 Leinſaamen
853 1907 921 1950 gut
940 1901 1123 1954 gerathen,
1151 1896 1185 1948 ſo
1205 1897 1316 1947 giebet
1328 1907 1364 1940 er
1376 1901 1444 1941 den

428 1972 541 2007 neuen
558 1960 782 2007 Tonnenlein
799 1960 837 2003 in
857 1959 942 2003 aller
963 1958 1067 2013 ſeiner
1087 1952 1190 2002 Guͤte
1198 1953 1299 2009 nicht
1307 1957 1376 1999 das
1388 1962 1445 2004 ge⸗

429 2021 554 2074 ringſte
572 2023 677 2075 nach,
704 2026 779 2065 und
801 2031 836 2062 er
852 2017 1019 2074 erfordert
1033 2020 1190 2060 alsdann
1205 2009 1283 2073 auch
1303 2014 1387 2062 eben
1408 2014 1444 2066 ſo

430 2085 498 2128 viel
512 2081 613 2127 Land
629 2082 696 2124 wie
712 2086 770 2123 der
786 2078 918 2129 vorige.
974 2077 1078 2123 Weil
1092 2075 1175 2118 aber
1204 2077 1265 2119 der
1292 2073 1446 2120 Saamen

432 2145 496 2196 bey
510 2145 568 2183 der
582 2135 768 2192 Duͤrrung
780 2142 838 2180 der
853 2134 1018 2181 Knotten
1034 2137 1117 2176 oder
1130 2126 1447 2185 Saamencapſeln,

430 2208 485 2255 die
506 2202 647 2261 mehrſte
663 2202 741 2257 Zeit
754 2201 888 2260 ſchlecht
921 2203 949 2248 in
957 2199 1103 2255 Obacht
1120 2196 1331 2250 genommen
1346 2195 1447 2249 wird,
