2357 2622
709 181 803 229 308

1040 179 1165 253 Das
1165 179 1483 253 Evangelium
1483 179 1575 253 der
1575 179 1767 253 Armen.

513 1110 558 1145 Pſ.
568 1115 614 1143 10/
630 1119 671 1145 14.

513 1274 616 1307 Pſ.
569 1271 594 1307 56
603 1271 617 1307 /
626 1283 652 1307 9.

506 1842 591 1875 Pſ.4/
601 1848 626 1874 8.

505 2063 546 2093 Pſ.
556 2067 655 2093 77
595 2060 609 2093 /
616 2068 655 2093 11.

714 271 777 314 det
785 267 930 319 David
940 274 1013 318 den
1022 272 1240 325 Gerechten
1248 282 1321 330 zu,
1331 276 1374 322 in
1385 279 1472 323 dem
1493 279 1616 330 ſieben
1639 283 1722 328 und
1737 282 1981 342 dreyßigſten
1993 287 2122 343 Pſal⸗

715 333 824 370 men.
883 313 984 378 Hier
990 316 1154 384 moͤchte
1152 320 1252 378 man
1252 326 1439 382 dencken:
1470 337 1599 387 Wie?
1622 340 1672 389 O
1672 340 1840 392 David!
1867 342 1972 397 Haſt
1990 349 2030 389 du
2031 346 2119 392 nie

715 377 874 433 geſehen
884 385 956 427 den
969 385 1165 434 Saamen
1176 392 1244 433 des
1253 388 1471 440 Gerechten
1488 393 1585 445 nach
1596 394 1740 445 Brodt
1756 397 1910 450 gehen?
1939 401 2014 448 So
2033 401 2130 452 ſind

712 437 754 487 ja
763 439 838 480 das
848 436 952 483 keine
961 440 1202 492 Gerechten,
1213 444 1270 487 die
1280 453 1354 490 vor
1361 448 1421 492 die
1430 447 1602 501 Thuͤren
1602 449 1809 506 kommen,
1827 455 1972 504 Brodt
1986 464 2036 509 zu
2053 455 2117 507 ſu⸗

714 493 834 540 chen?
845 497 982 543 Nein!
998 500 1055 543 die
1064 501 1285 554 Meynung
1299 501 1368 548 hat
1378 507 1421 549 es
1431 505 1560 558 nicht:
1576 506 1711 556 Dann
1728 510 1827 562 nach
1841 514 1931 558 dem
1942 514 2117 561 Grund⸗

712 535 796 598 Text
827 548 951 597 lautet
978 542 1024 600 es
1016 551 1075 604 ſo:
1104 555 1194 608 Jch
1227 553 1301 605 hab
1328 551 1437 610 noch
1453 567 1520 602 nie
1546 559 1728 614 geſehen
1747 565 1838 610 den
1859 565 2113 618 Gerechten

708 606 816 648 oder
828 604 967 652 ſeinen
980 607 1237 656 Saamen/
1235 611 1347 659 nach
1361 616 1517 660 Brodt
1532 612 1751 674 gehende/
1776 615 1996 676 verlaſſen;
2009 623 2112 673 Das

707 651 776 703 iſt:
793 660 920 699 wann
931 657 974 699 es
984 644 1094 710 ſchon
1106 658 1259 710 GOtt,
1269 663 1350 706 aus
1366 662 1535 719 heiligen
1546 665 1763 719 Urſachen,
1785 669 1880 715 uͤber
1903 673 2015 716 einen
2026 675 2113 720 Ge⸗

707 717 857 763 rechten
876 724 942 765 und
960 706 1057 770 ſeine
1086 721 1215 771 Kinder
1238 724 1438 782 verhaͤngt
1455 718 1587 782 haͤtte,
1617 731 1697 782 daß
1721 732 1771 785 ſie
1796 734 1950 788 muͤſten
1968 738 2113 787 Brodt

706 770 867 822 ſuchen:
873 760 911 824 ſo
919 775 1017 822 habe
1026 777 1081 826 ich
1092 777 1207 828 doch,
1220 771 1258 834 ſo
1275 781 1333 827 alt
1354 773 1416 835 ich
1417 783 1504 836 auch
1515 786 1677 832 worden
1695 786 1784 839 bin,
1817 789 1912 844 noch
1929 791 1992 836 nie
2010 790 2112 846 geſe⸗

705 828 803 878 hen,
819 831 897 879 daß
907 833 1039 880 GOtt
1050 834 1165 888 ſolche
1175 836 1366 892 verlaſſen
1377 839 1509 892 haͤtte:
1525 843 1727 893 Sondern,
1774 854 1815 890 er
1825 845 1874 899 hat
1905 845 2011 901 ihnen
2036 849 2111 896 all⸗

703 883 778 935 zeit
787 886 883 937 gute
890 883 1053 941 Hertzen
1066 889 1246 939 erweckt,
1274 894 1334 938 die
1346 894 1414 946 ſich
1433 895 1536 948 ihrer
1552 896 1825 956 Duͤrfftigkeit
1841 899 1968 953 haben
1988 909 2113 958 ange⸗

702 947 916 990 nommen,
937 942 997 987 die
1012 942 1134 995 ihnen
1155 948 1227 993 mit
1248 939 1360 1000 Troſt
1380 954 1462 995 und
1472 949 1637 1008 Huͤlffe,
1663 956 1742 999 mit
1761 956 1878 1011 Rath
1895 960 1977 1006 und
1993 948 2108 1013 That

700 995 1038 1050 beygeſprungen.
1072 1003 1225 1053 Sehet!
1232 1000 1275 1053 ſo
1291 1006 1498 1062 vaͤtterlich
1516 1009 1643 1066 ſorget
1652 1015 1830 1064 GOTT
1842 1016 1911 1071 fuͤr
1928 1019 1988 1063 die
1999 1019 2107 1068 Sei⸗

700 1038 812 1093 nen,
813 1049 889 1100 daß
899 1060 937 1095 er
949 1040 995 1102 ſie
1006 1054 1049 1098 in
1059 1053 1163 1107 ihrer
1176 1055 1384 1112 aͤuſſerſten
1394 1057 1517 1113 Noth
1534 1051 1641 1116 nicht
1653 1062 1738 1115 laͤßt
1747 1065 1928 1121 verlegen
1938 1066 2104 1115 bleiben.

698 1100 807 1155 Dort
830 1102 930 1163 ſagt
920 1112 1085 1159 David:
1107 1118 1196 1161 Die
1207 1115 1376 1163 Armen
1387 1115 1619 1174 befehlens
1630 1125 1723 1168 dir:
1743 1115 1930 1180 Welches
1942 1128 2024 1171 eine
2046 1128 2108 1173 al⸗

695 1162 733 1204 te
743 1150 977 1216 Lateiniſche
988 1164 1248 1223 Uberſetzung
1258 1166 1339 1221 ſehr
1350 1169 1460 1224 artig
1470 1170 1671 1228 gegeben:
1711 1177 1796 1218 Tibi
1830 1178 2030 1221 derelictus
2052 1183 2106 1224 eſt

696 1229 854 1268 pauper.
879 1219 980 1269 Der
995 1222 1129 1270 Arme
1146 1221 1244 1276 laͤßt
1257 1229 1356 1274 dich
1369 1218 1572 1283 ſorgen/
1583 1241 1624 1278 er
1643 1233 1690 1287 iſt
1699 1236 1763 1281 ein
1773 1235 2009 1290 Alumnus,
2026 1241 2101 1285 den

695 1276 748 1319 du
766 1275 972 1326 verſorgen
980 1278 1098 1331 muſt.
1158 1280 1309 1335 GOtt
1325 1282 1442 1332 leitet
1462 1289 1533 1332 die
1544 1288 1714 1338 Armen
1735 1299 1820 1336 mit
1842 1301 1982 1344 ſeinen
2005 1291 2103 1343 Au⸗

693 1332 803 1379 gen:
824 1329 886 1377 Er
895 1317 1010 1382 ſiehet
1020 1332 1140 1386 ihnen
1150 1334 1247 1387 nach
1265 1337 1344 1383 mit
1358 1342 1431 1384 den
1441 1338 1586 1395 Augen
1598 1342 1718 1394 ſeiner
1727 1342 2103 1404 Barmhertzigkeit:

698 1386 760 1435 Er
770 1386 883 1442 gehet
891 1387 1011 1438 ihnen
1020 1391 1133 1444 nach,
1145 1396 1228 1440 und
1236 1396 1421 1453 begleitet
1430 1398 1494 1451 ſie,
1505 1390 1571 1447 bis
1582 1402 1627 1447 in
1635 1400 1717 1452 ihre
1726 1403 1904 1459 Huͤtten.
1905 1405 1977 1457 Ob
1988 1406 2101 1460 wohl

671 1431 808 1472 arme
829 1431 947 1479 Leute
966 1434 1028 1478 ein
1048 1431 1294 1490 verachtetes
1303 1442 1494 1490 Lichtlein
1515 1448 1604 1496 ſeyn
1625 1455 1698 1490 vor
1716 1450 1782 1491 der
1796 1432 1935 1498 Welt,
1954 1452 2031 1501 daß
2049 1450 2098 1501 ſie

693 1501 758 1543 der
769 1499 913 1552 Reiche
923 1500 1041 1549 kaum
1050 1502 1147 1551 uͤber
1155 1506 1214 1552 die
1223 1505 1450 1561 Schultern
1461 1511 1651 1566 anſiehet:
1660 1513 1699 1568 ſo
1709 1514 1792 1568 ſind
1801 1517 1893 1570 doch
1901 1518 1961 1564 die
1969 1517 2102 1570 from⸗

694 1564 788 1601 men
806 1558 960 1603 Armen
978 1562 1049 1611 bey
1071 1564 1204 1612 GOtt
1230 1565 1396 1616 beliebt:
1426 1567 1698 1625 Manchmahl
1722 1572 1823 1621 deckt
1851 1578 1916 1622 ein
1941 1576 2100 1629 kahles,

692 1610 891 1662 ſchlechtes
900 1613 1122 1668 zerriſſenes
1133 1616 1325 1673 Kleidgen
1340 1622 1403 1667 ein
1415 1622 1546 1678 Hertz,
1554 1627 1630 1669 das
1639 1627 1702 1672 ein
1712 1627 1882 1684 Tempel
1882 1629 1959 1683 des
1965 1630 2098 1686 Heili⸗

693 1676 770 1717 gen
789 1671 959 1717 Geiſtes
956 1659 1049 1724 iſt:
1062 1676 1138 1724 Da
1163 1667 1272 1727 wohl
1291 1679 1433 1730 manch
1460 1678 1691 1738 praͤchtiges
1708 1685 1822 1735 Kleid
1849 1686 2013 1744 Hertzen
2030 1688 2097 1735 be⸗

688 1707 805 1769 deckt,
815 1722 872 1765 die
886 1719 1166 1780 Wohnungen
1177 1728 1245 1771 des
1257 1728 1452 1779 Satans,
1472 1733 1544 1790 und
1555 1733 1963 1794 Schlangen⸗Neſter
1971 1733 2100 1795 vieler

689 1768 919 1832 Wolluͤſte,
949 1775 1015 1831 und
1036 1774 1286 1841 herrſchenden
1306 1787 1487 1841 Suͤnden
1508 1790 1613 1847 ſeyn.
1672 1793 1844 1845 Darum
1863 1796 2014 1845 koͤnnen
2045 1798 2097 1851 je⸗

688 1842 737 1878 ne
748 1834 888 1888 ſagen:
902 1837 982 1886 Du
994 1834 1198 1897 erfreueſt
1208 1854 1322 1889 mein
1334 1845 1505 1899 Hertz/
1515 1838 1575 1893 ob
1588 1850 1700 1901 dieſe
1712 1853 1838 1904 ſchon
1850 1854 1938 1898 viel
1954 1856 2094 1903 Wein

689 1892 778 1935 und
790 1893 928 1940 Korn
948 1893 1110 1944 haben.
1173 1898 1317 1949 Sehen
1327 1911 1439 1947 arme
1450 1903 1572 1953 Leute
1588 1906 1698 1960 ſchon
1722 1908 1976 1964 manchmahl
1988 1910 2095 1964 nicht

688 1939 761 1989 ab,
770 1945 848 1994 wie
858 1944 907 1995 ſie
917 1932 986 1998 ſich
1021 1942 1062 2001 in
1060 1946 1359 1997 kuͤmmerlichen
1369 1953 1511 2009 Zeiten
1529 1956 1673 2002 wollen
1694 1959 1838 2009 nehren
1860 1964 1941 2005 und
1954 1963 2093 2015 durch⸗

687 2000 877 2060 bringen:
895 2006 971 2055 So
981 2014 1174 2064 verzagen
1187 2009 1234 2061 ſie
1259 2002 1333 2059 doch
1362 2017 1542 2072 deswegen
1570 2016 1696 2068 nicht,
1727 2019 1890 2072 ſondern
1905 2026 2089 2072 dencken:

688 2057 790 2105 Des
803 2062 1010 2110 Herren
1022 2065 1162 2110 Hand
1181 2064 1264 2113 kan
1282 2067 1395 2116 alles
1405 2068 1590 2119 aͤndern.
1611 2075 1698 2125 Ein
1708 2070 2090 2131 Wanders⸗Mann

682 2113 787 2161 wird
797 2101 871 2169 offt
900 2125 966 2164 von
984 2106 1088 2166 einem
1115 2117 1242 2168 dicken
1254 2121 1388 2176 Nebel
1407 2122 1654 2183 uͤberfallen,
1675 2130 1754 2182 daß
1770 2138 1810 2175 er
1828 2135 1956 2181 weder
1975 2132 2089 2188 Weg

1978 2203 2085 2251 noch
