1650 2507
435 451 495 493 des
511 445 641 498 Thomaͤ
657 451 721 483 von
735 440 887 491 Kempis.

1112 436 1176 474 601

246 544 340 599 364.
370 539 506 592 Wann
524 540 643 583 etwas
659 529 856 585 Widriges
873 535 950 577 und
971 527 1181 584 Beſchwer⸗

192 579 308 647 liches,
324 588 507 642 aͤuſſerlich
516 589 601 625 oder
611 581 791 631 innerlich,
800 588 874 615 uns
884 587 1066 624 begegnet:
1076 594 1178 613 dann

193 665 279 718 muß
297 674 385 709 man
405 654 594 716 ſonderlich
618 662 698 709 zum
716 649 847 698 Leiden
869 650 1005 702 Chriſti
1029 649 1180 700 lauffen,

194 728 269 768 und
295 727 476 776 erwegen,
514 717 584 761 wie
613 709 771 765 Groſſes
786 714 847 753 der
870 707 990 760 HErr
1014 708 1077 758 fuͤr
1104 713 1181 747 uns

194 774 420 833 Unwuͤrdige
453 771 631 827 erduldet,
663 771 740 812 und
769 765 951 808 darinnen
981 763 1090 812 ſollen
1110 769 1183 804 wir

197 840 363 898 getroͤſtet
385 842 539 892 werden,
554 834 626 887 daß
642 843 680 876 er
693 832 770 874 uns
790 829 859 873 mit
874 825 950 881 ihm
966 832 1010 878 zu
1027 827 1185 870 trincken

196 904 273 942 gibt
289 908 364 942 aus
387 899 515 942 ſeinem
544 894 675 947 Kelch.

253 955 340 1011 365.
369 954 484 1010 Wirf
494 954 551 996 die
570 942 773 1002 knechtiſche
790 938 928 998 Furcht
944 946 1019 984 von
1034 938 1100 993 dir,
1109 942 1187 982 und

196 1018 298 1070 zeuch
320 1028 372 1063 an
398 1019 467 1061 den
490 1009 597 1066 Geiſt
621 1014 694 1054 der
715 1003 840 1059 Kraft
867 1006 944 1046 und
977 1005 1039 1044 der
1069 998 1188 1046 Liebe.

200 1076 362 1128 Staͤrcke
376 1073 473 1131 dich,
501 1074 579 1116 und
596 1067 652 1123 ſey
674 1062 817 1119 tapfer;
863 1065 964 1107 dann
986 1063 1088 1105 derer
1110 1058 1191 1110 ſind

201 1142 320 1198 mehr,
344 1141 402 1185 die
417 1137 486 1182 mit
505 1136 591 1186 uns,
609 1132 671 1176 als
688 1130 744 1174 die
759 1127 874 1172 wider
888 1127 965 1169 uns
980 1119 1073 1178 ſind.
1100 1117 1191 1178 Jch,

200 1194 329 1256 ſpricht
341 1203 403 1244 der
417 1193 545 1251 HErr,
570 1191 648 1236 will
664 1196 731 1235 vor
747 1187 803 1231 dir
819 1182 1004 1242 hergehen,
1033 1183 1110 1225 und
1127 1176 1193 1232 fuͤr

203 1254 279 1310 dich
301 1253 460 1308 ſtreiten,
495 1246 573 1289 und
606 1242 677 1289 mit
702 1240 759 1285 dir
782 1226 885 1293 ſeyn,
930 1246 993 1280 wo
1024 1239 1077 1277 du
1100 1235 1192 1288 auch

179 1319 399 1369 hingeheſt.

267 1380 362 1432 366.
389 1374 486 1425 Das
513 1369 773 1421 Kaͤmmerlein
802 1369 860 1419 ſey
889 1369 974 1408 dein
1010 1359 1196 1416 Paradis,

207 1442 279 1488 das
296 1432 592 1495 Stillſchweigen
614 1428 670 1485 ſey
691 1426 773 1474 dein
797 1424 965 1484 Freund,
993 1424 1052 1468 die
1067 1422 1198 1469 Arbeit

204 1503 291 1545 dein
311 1498 467 1545 Geſelle,
491 1499 564 1541 das
581 1490 703 1541 Gebet
722 1489 805 1535 dein
821 1485 963 1544 Helfer.

269 1561 361 1618 367.
390 1552 455 1616 Bey
486 1559 547 1604 der
589 1550 733 1606 Arbeit,
760 1550 845 1592 oder
858 1545 1043 1600 gemeinen
1061 1545 1199 1598 Geſell⸗

201 1601 339 1677 ſchaft,
360 1615 441 1657 rede
459 1606 567 1661 ſelten
589 1606 674 1649 oder
698 1600 841 1654 wenig:
879 1602 968 1654 gehe
983 1600 1090 1648 ſelten
1113 1602 1204 1647 aus,

211 1683 289 1730 und
297 1690 412 1728 wann
429 1682 480 1722 du
497 1666 782 1729 herausgerufen
800 1667 920 1723 wirſt;
948 1664 983 1720 ſo
999 1662 1100 1718 kehre
1115 1661 1204 1718 bald

170 1747 360 1785 wieder.

270 1801 362 1856 368.
391 1796 482 1853 Sey
507 1791 603 1845 nicht
624 1789 803 1846 treibend,
832 1784 981 1843 ſondern
998 1785 1086 1837 thue
1105 1785 1204 1830 alles

216 1863 344 1920 ruhig,
367 1862 453 1907 was
468 1862 520 1904 du
534 1855 643 1911 thuſt.

272 1920 367 1975 369.
396 1913 532 1972 Durch
554 1899 708 1961 Geduld
731 1914 808 1957 und
833 1902 1006 1960 Demuth
1034 1899 1134 1958 kanſt
1157 1903 1211 1949 du

221 1981 292 2028 alle
307 1971 693 2028 Widerwaͤrtigkeiten
709 1965 958 2017 uͤberwinden.

278 2054 369 2097 370.
398 2041 518 2098 Selig
539 2036 604 2095 iſt,
638 2039 702 2083 der
726 2026 848 2086 keinen
879 2028 988 2082 Troſt
993 2028 1066 2082 auf
1087 2025 1216 2075 Erden

222 2096 299 2151 hat.
357 2097 475 2152 Selig
502 2093 562 2151 iſt,
590 2094 653 2136 der
677 2101 718 2136 um
740 2083 884 2141 Chriſti
900 2077 1024 2127 willen
1045 2080 1117 2125 alle
1138 2082 1222 2135 zeit⸗

223 2161 308 2208 liche
355 2162 446 2208 Ruhe
465 2151 687 2208 verachtet.
720 2149 839 2205 Selig
855 2145 909 2205 iſt,
934 2148 998 2193 der
1013 2144 1127 2193 leiden
1141 2144 1223 2195 kan,

718 2217 819 2270 Pp
847 2224 873 2269 5

1108 2215 1226 2263 wann
