<?xml version='1.0' encoding='utf-8'?>
<PcGts xmlns="http://schema.primaresearch.org/PAGE/gts/pagecontent/2019-07-15" xmlns:xsi="http://www.w3.org/2001/XMLSchema-instance" pcGtsId="PAGE_01" xsi:schemaLocation="http://schema.primaresearch.org/PAGE/gts/pagecontent/2019-07-15 http://schema.primaresearch.org/PAGE/gts/pagecontent/2019-07-15/pagecontent.xsd">
  <Metadata>
    <Creator>OCR-D DFG Phase III</Creator>
    <Created>2024-01-19T13:10:58Z</Created>
    <LastChange>2024-01-19T13:10:58Z</LastChange>
    <Comments>ODEM: OCR-D extension for mass digitization (2021-2024)</Comments>
  </Metadata>
  <Page imageFilename="urn+nbn+de+gbv+3+1-836567-p0081-4_ger.jpg" imageWidth="1442" imageHeight="2124" type="content" primaryLanguage="German">
    <Border>
      <Coords points="71,106 75,1995 1204,1984 1195,86"/>
    </Border>
    <ReadingOrder>
      <OrderedGroup id="ro_1661524432169" caption="Regions reading order">
        <RegionRefIndexed index="0" regionRef="TextRegion_1655280431958_2141"/>
        <RegionRefIndexed index="1" regionRef="TextRegion_1655280431958_2140"/>
      </OrderedGroup>
    </ReadingOrder>
    <TextRegion orientation="0.9527329" readingDirection="left-to-right" id="TextRegion_1655280431958_2141" custom="readingOrder {index:0;}">
      <Coords points="172,328 996,328 994,1095 170,1095"/>
      <TextLine id="region0001_line0001" custom="readingOrder {index:0;}">
        <Coords points="307,331 303,334 285,334 277,340 268,340 263,345 236,343 229,337 173,337 172,392 210,391 213,395 241,391 246,396 257,398 277,389 376,386 449,385 459,392 467,392 473,386 494,387 500,392 509,391 515,386 594,383 600,380 727,380 733,387 742,387 751,379 779,378 860,378 864,380 897,377 901,383 907,384 915,383 920,377 996,376 996,333 991,332 933,332 924,328 888,329 886,332 875,328 819,328 795,329 782,334 755,334 751,328 718,329 712,334 701,328 693,328 686,335 658,338 628,336 622,333 611,333 608,336 591,335 585,332 514,336 507,332 461,333 433,341 405,342 361,341 355,336 342,337 319,331"/>
        <Baseline points="172,382 996,365"/>
        <Word id="region0001_line0001_word0000" custom="readingOrder {index:0;}">
          <Coords points="178,341 178,390 309,388 376,386 378,386 378,341 361,341 358,338 278,340 277,340 268,340 263,345 236,343 233,340"/>
          <TextEquiv conf="0.9155088">
            <Unicode>Lehrgebaͤude</Unicode>
          </TextEquiv>
        </Word>
        <Word id="region0001_line0001_word0001" custom="readingOrder {index:1;}">
          <Coords points="390,347 450,346 450,376 390,377"/>
          <TextEquiv conf="0.9327736">
            <Unicode>vor</Unicode>
          </TextEquiv>
        </Word>
        <Word id="region0001_line0001_word0002" custom="readingOrder {index:2;}">
          <Coords points="459,341 525,340 525,382 459,383"/>
          <TextEquiv conf="0.92609626">
            <Unicode>ſich.</Unicode>
          </TextEquiv>
        </Word>
        <Word id="region0001_line0001_word0003" custom="readingOrder {index:3;}">
          <Coords points="553,341 630,339 630,373 553,375"/>
          <TextEquiv conf="0.93052363">
            <Unicode>Und</Unicode>
          </TextEquiv>
        </Word>
        <Word id="region0001_line0001_word0004" custom="readingOrder {index:4;}">
          <Coords points="644,338 644,373 706,372 706,337 660,337 658,338 655,337"/>
          <TextEquiv conf="0.93187815">
            <Unicode>aus</Unicode>
          </TextEquiv>
        </Word>
        <Word id="region0001_line0001_word0005" custom="readingOrder {index:5;}">
          <Coords points="801,335 722,336 722,379 766,378 779,378 801,378"/>
          <TextEquiv conf="0.93230295">
            <Unicode>ihren</Unicode>
          </TextEquiv>
        </Word>
        <Word id="region0001_line0001_word0006" custom="readingOrder {index:6;}">
          <Coords points="810,334 968,332 968,375 810,377"/>
          <TextEquiv conf="0.9318123">
            <Unicode>Schriften</Unicode>
          </TextEquiv>
        </Word>
        <TextEquiv conf="0.9286994">
          <Unicode>Lehrgebaͤude vor ſich. Und aus ihren Schriften</Unicode>
        </TextEquiv>
      </TextLine>
      <TextLine id="region0001_line0002" custom="readingOrder {index:1;}">
        <Coords points="600,381 592,384 588,390 577,391 562,390 509,393 257,399 241,397 236,392 229,392 212,397 173,399 172,449 192,449 208,444 221,448 232,442 260,440 325,438 339,439 344,444 356,444 365,439 384,437 577,433 627,433 647,438 659,431 791,430 797,436 805,435 813,429 896,425 915,427 917,432 923,435 937,426 996,420 996,385 961,385 955,377 944,377 940,380 922,379 909,385 864,381 860,379 827,385 812,385 808,379 792,380 783,386 711,388 706,381 691,381 687,386 682,387 663,382 647,382 643,385 634,381 617,386 610,381"/>
        <Baseline points="172,437 996,412"/>
        <Word id="region0001_line0002_word0000" custom="readingOrder {index:0;}">
          <Coords points="214,396 212,397 179,398 179,438 514,432 513,392 509,393 257,399 241,397 239,395"/>
          <TextEquiv conf="0.9212041">
            <Unicode>zuſammengenommen</Unicode>
          </TextEquiv>
        </Word>
        <Word id="region0001_line0002_word0001" custom="readingOrder {index:1;}">
          <Coords points="533,431 666,429 665,386 589,387 588,390 577,391 562,390 532,391"/>
          <TextEquiv conf="0.9269791">
            <Unicode>erwaͤchſt</Unicode>
          </TextEquiv>
        </Word>
        <Word id="region0001_line0002_word0002" custom="readingOrder {index:2;}">
          <Coords points="679,389 726,388 727,422 680,423"/>
          <TextEquiv conf="0.9323589">
            <Unicode>ein</Unicode>
          </TextEquiv>
        </Word>
        <Word id="region0001_line0002_word0003" custom="readingOrder {index:3;}">
          <Coords points="739,388 810,386 811,426 740,428"/>
          <TextEquiv conf="0.9256978">
            <Unicode>nach</Unicode>
          </TextEquiv>
        </Word>
        <Word id="region0001_line0002_word0004" custom="readingOrder {index:4;}">
          <Coords points="829,386 906,385 907,418 830,419"/>
          <TextEquiv conf="0.9282076">
            <Unicode>allen</Unicode>
          </TextEquiv>
        </Word>
        <Word id="region0001_line0002_word0005" custom="readingOrder {index:5;}">
          <Coords points="968,386 920,387 921,428 934,427 937,426 968,422"/>
          <TextEquiv conf="0.6496431">
            <Unicode>ſei⸗</Unicode>
          </TextEquiv>
        </Word>
        <TextEquiv conf="0.88068175">
          <Unicode>zuſammengenommen erwaͤchſt ein nach allen ſei⸗</Unicode>
        </TextEquiv>
      </TextLine>
      <TextLine id="region0001_line0003" custom="readingOrder {index:2;}">
        <Coords points="896,426 849,429 805,436 797,437 791,431 776,431 770,437 758,438 731,438 726,433 714,433 708,438 685,439 674,439 672,434 667,432 659,432 653,437 640,440 570,442 559,442 551,436 543,436 535,442 492,445 486,445 478,436 466,437 461,444 445,444 441,442 432,442 429,438 413,438 409,445 345,446 339,440 325,439 317,440 311,444 296,440 242,442 221,449 172,450 173,491 278,491 294,495 304,490 392,486 405,486 410,489 633,485 640,482 793,479 862,480 871,483 893,477 996,473 996,437 965,436 958,427 947,427 942,432 936,429 923,436 907,426"/>
        <Baseline points="173,481 996,464"/>
        <Word id="region0001_line0003_word0000" custom="readingOrder {index:0;}">
          <Coords points="179,455 238,454 239,480 180,481"/>
          <TextEquiv conf="0.92511445">
            <Unicode>nen</Unicode>
          </TextEquiv>
        </Word>
        <Word id="region0001_line0003_word0001" custom="readingOrder {index:1;}">
          <Coords points="252,446 253,486 374,484 373,445 345,446 343,444"/>
          <TextEquiv conf="0.93215615">
            <Unicode>Theilen</Unicode>
          </TextEquiv>
        </Word>
        <Word id="region0001_line0003_word0002" custom="readingOrder {index:2;}">
          <Coords points="387,478 441,478 440,443 410,443 409,445 386,445"/>
          <TextEquiv conf="0.93220854">
            <Unicode>mit</Unicode>
          </TextEquiv>
        </Word>
        <Word id="region0001_line0003_word0003" custom="readingOrder {index:3;}">
          <Coords points="463,440 461,444 454,444 455,477 592,475 591,441 570,442 559,442 555,439 537,439 535,442 492,445 486,445 482,440"/>
          <TextEquiv conf="0.9267317">
            <Unicode>einander</Unicode>
          </TextEquiv>
        </Word>
        <Word id="region0001_line0003_word0004" custom="readingOrder {index:4;}">
          <Coords points="652,437 640,440 603,441 604,476 790,473 789,435 771,435 770,437 758,438 731,438 728,435 710,436 708,438 685,439 674,439 673,436"/>
          <TextEquiv conf="0.9176808">
            <Unicode>verbundnes</Unicode>
          </TextEquiv>
        </Word>
        <Word id="region0001_line0003_word0005" custom="readingOrder {index:5;}">
          <Coords points="825,433 805,436 806,478 895,477 972,474 971,436 965,436 961,431 943,431 942,432 941,431 931,431 923,436 916,432"/>
          <TextEquiv>
            <Unicode>vollſtaͤndi⸗</Unicode>
          </TextEquiv>
        </Word>
        <TextEquiv>
          <Unicode>nen Theilen mit einander verbundnes vollſtaͤndi⸗</Unicode>
        </TextEquiv>
      </TextLine>
      <TextLine id="region0001_line0004" custom="readingOrder {index:3;}">
        <Coords points="893,478 871,484 862,481 845,481 810,487 769,487 764,483 752,483 747,487 707,489 701,484 688,483 681,490 675,490 670,484 655,484 652,487 637,485 633,488 618,489 610,485 601,485 596,489 550,486 496,489 471,495 443,496 438,491 425,491 419,496 413,496 411,490 405,487 392,487 386,491 371,489 358,497 324,497 316,497 310,491 299,492 294,496 278,492 222,493 212,498 173,502 173,550 198,550 237,541 296,542 308,547 314,543 325,542 331,546 348,546 356,541 377,540 439,540 489,536 559,538 677,533 682,541 688,541 694,540 699,532 891,531 895,534 905,534 910,530 927,526 996,527 996,484 942,485 936,478 925,479 919,485 911,485 906,479"/>
        <Baseline points="173,537 996,517"/>
        <Word id="region0001_line0004_word0000" custom="readingOrder {index:0;}">
          <Coords points="182,541 238,540 237,500 183,500 181,501"/>
          <TextEquiv conf="0.9265847">
            <Unicode>ges</Unicode>
          </TextEquiv>
        </Word>
        <Word id="region0001_line0004_word0001" custom="readingOrder {index:1;}">
          <Coords points="262,496 263,540 470,536 469,495 443,496 439,492 422,492 419,496 413,496 412,493 362,494 358,497 324,497 316,497 313,494 294,495 294,496 291,495"/>
          <TextEquiv conf="0.9229025">
            <Unicode>Lehrgebaͤude.</Unicode>
          </TextEquiv>
        </Word>
        <Word id="region0001_line0004_word0002" custom="readingOrder {index:2;}">
          <Coords points="545,497 613,496 614,531 546,532"/>
          <TextEquiv conf="0.92476773">
            <Unicode>Aus</Unicode>
          </TextEquiv>
        </Word>
        <Word id="region0001_line0004_word0003" custom="readingOrder {index:3;}">
          <Coords points="729,493 637,494 637,534 677,533 678,535 696,535 699,532 729,531"/>
          <TextEquiv conf="0.9252575">
            <Unicode>dieſen</Unicode>
          </TextEquiv>
        </Word>
        <Word id="region0001_line0004_word0004" custom="readingOrder {index:4;}">
          <Coords points="753,493 817,492 818,525 754,526"/>
          <TextEquiv conf="0.92902464">
            <Unicode>dem</Unicode>
          </TextEquiv>
        </Word>
        <Word id="region0001_line0004_word0005" custom="readingOrder {index:5;}">
          <Coords points="973,487 840,489 841,529 919,527 927,526 973,526"/>
          <TextEquiv conf="0.92827636">
            <Unicode>Scheine</Unicode>
          </TextEquiv>
        </Word>
        <TextEquiv conf="0.9261356">
          <Unicode>ges Lehrgebaͤude. Aus dieſen dem Scheine</Unicode>
        </TextEquiv>
      </TextLine>
      <TextLine id="region0001_line0005" custom="readingOrder {index:4;}">
        <Coords points="927,527 911,531 904,537 885,538 765,539 758,533 747,533 739,540 688,542 664,541 644,535 602,536 573,542 560,543 548,537 538,537 523,544 496,545 489,537 476,538 471,545 461,546 376,547 370,542 360,542 354,547 325,548 309,549 304,545 289,543 275,549 257,549 251,542 237,542 228,549 173,551 173,593 235,593 241,597 255,593 285,592 298,595 308,589 319,592 379,590 420,591 428,597 444,596 449,590 491,587 506,586 512,593 526,589 537,593 546,587 569,586 605,587 615,595 623,593 626,587 640,586 701,584 707,588 714,588 727,584 754,589 758,583 779,582 866,582 884,585 897,581 905,587 916,587 921,582 935,581 943,587 956,587 965,581 996,576 996,539 949,538 943,529"/>
        <Baseline points="173,583 996,568"/>
        <Word id="region0001_line0005_word0000" custom="readingOrder {index:0;}">
          <Coords points="183,590 255,589 254,547 230,547 228,549 182,550"/>
          <TextEquiv conf="0.92180943">
            <Unicode>nach</Unicode>
          </TextEquiv>
        </Word>
        <Word id="region0001_line0005_word0001" custom="readingOrder {index:1;}">
          <Coords points="277,547 275,549 269,549 270,587 345,586 344,547 325,548 309,549 307,547"/>
          <TextEquiv conf="0.92885184">
            <Unicode>ohne</Unicode>
          </TextEquiv>
        </Word>
        <Word id="region0001_line0005_word0002" custom="readingOrder {index:2;}">
          <Coords points="359,549 413,548 414,580 360,581"/>
          <TextEquiv conf="0.9299742">
            <Unicode>den</Unicode>
          </TextEquiv>
        </Word>
        <Word id="region0001_line0005_word0003" custom="readingOrder {index:3;}">
          <Coords points="472,543 471,545 461,546 426,546 427,587 589,584 588,541 576,541 573,542 560,543 557,541 527,542 523,544 496,545 494,542"/>
          <TextEquiv conf="0.9292804">
            <Unicode>geringſten</Unicode>
          </TextEquiv>
        </Word>
        <Word id="region0001_line0005_word0004" custom="readingOrder {index:4;}">
          <Coords points="683,542 602,543 602,586 604,586 630,586 640,586 683,584"/>
          <TextEquiv conf="0.9285834">
            <Unicode>Plan</Unicode>
          </TextEquiv>
        </Word>
        <Word id="region0001_line0005_word0005" custom="readingOrder {index:5;}">
          <Coords points="744,535 739,540 707,541 708,581 976,577 975,538 949,538 945,532 908,532 904,537 885,538 765,539 760,535"/>
          <TextEquiv>
            <Unicode>zuſammengefuͤg⸗</Unicode>
          </TextEquiv>
        </Word>
        <TextEquiv>
          <Unicode>nach ohne den geringſten Plan zuſammengefuͤg⸗</Unicode>
        </TextEquiv>
      </TextLine>
      <TextLine id="region0001_line0006" custom="readingOrder {index:5;}">
        <Coords points="308,590 298,596 255,594 247,598 236,596 203,601 198,597 190,597 184,601 173,601 173,644 285,644 303,641 385,644 492,639 515,639 522,642 537,639 550,644 555,640 589,636 899,631 918,633 921,637 927,637 941,636 946,631 995,630 996,624 996,586 913,589 866,583 819,583 805,590 768,591 745,591 727,585 714,589 695,585 662,592 613,596 605,588 593,589 591,593 566,591 554,588 546,588 537,594 531,590 512,594 506,587 491,588 484,596 391,599 357,597 346,590 335,590 322,596 318,592"/>
        <Baseline points="173,634 996,620"/>
        <Word id="region0001_line0006_word0000" custom="readingOrder {index:0;}">
          <Coords points="182,606 232,605 232,636 182,637"/>
          <TextEquiv conf="0.9309595">
            <Unicode>ten</Unicode>
          </TextEquiv>
        </Word>
        <Word id="region0001_line0006_word0001" custom="readingOrder {index:1;}">
          <Coords points="247,598 248,641 401,638 400,598 391,599 357,597 355,595"/>
          <TextEquiv conf="0.9304286">
            <Unicode>Stuͤcken,</Unicode>
          </TextEquiv>
        </Word>
        <Word id="region0001_line0006_word0002" custom="readingOrder {index:2;}">
          <Coords points="486,594 484,596 427,598 428,638 563,636 562,593 538,593 537,594 536,593 513,594 512,594 512,594"/>
          <TextEquiv conf="0.9253235">
            <Unicode>erwaͤchſt</Unicode>
          </TextEquiv>
        </Word>
        <Word id="region0001_line0006_word0003" custom="readingOrder {index:3;}">
          <Coords points="583,595 583,628 628,627 628,594 613,596 611,594"/>
          <TextEquiv conf="0.9307527">
            <Unicode>ein</Unicode>
          </TextEquiv>
        </Word>
        <Word id="region0001_line0006_word0004" custom="readingOrder {index:4;}">
          <Coords points="650,593 830,590 830,626 650,629"/>
          <TextEquiv conf="0.89868414">
            <Unicode>vollkomnes</Unicode>
          </TextEquiv>
        </Word>
        <Word id="region0001_line0006_word0005" custom="readingOrder {index:5;}">
          <Coords points="976,589 853,591 854,632 899,631 909,632 945,632 946,631 977,630"/>
          <TextEquiv>
            <Unicode>Ganze:</Unicode>
          </TextEquiv>
        </Word>
        <TextEquiv>
          <Unicode>ten Stuͤcken, erwaͤchſt ein vollkomnes Ganze:</Unicode>
        </TextEquiv>
      </TextLine>
      <TextLine id="region0001_line0007" custom="readingOrder {index:6;}">
        <Coords points="291,642 280,649 268,649 264,647 251,650 223,650 217,644 203,645 199,649 194,646 173,648 172,694 294,693 301,699 310,699 315,693 357,693 363,697 378,698 390,692 414,692 419,697 425,697 434,692 457,690 524,690 527,693 568,688 618,695 624,695 632,688 664,690 725,685 776,688 810,685 819,688 839,684 881,682 890,688 900,688 907,683 996,680 996,637 965,638 960,632 946,632 941,637 927,638 907,638 900,632 888,632 878,638 873,634 863,635 856,640 850,633 840,633 828,641 810,642 753,641 748,637 737,638 732,642 674,645 646,643 635,636 625,637 614,644 603,644 597,637 563,640 556,646 549,646 537,640 520,646 501,647 492,640 481,640 476,644 472,641 462,641 456,645 421,647 403,643 376,646 371,643 358,643 351,646 344,642 322,645"/>
        <Baseline points="172,684 996,670"/>
        <Word id="region0001_line0007_word0000" custom="readingOrder {index:0;}">
          <Coords points="184,656 231,655 231,690 184,691"/>
          <TextEquiv conf="0.93181074">
            <Unicode>die</Unicode>
          </TextEquiv>
        </Word>
        <Word id="region0001_line0007_word0001" custom="readingOrder {index:1;}">
          <Coords points="434,649 251,652 251,693 294,693 295,694 314,694 315,693 357,693 357,693 389,693 390,692 414,692 414,692 434,692"/>
          <TextEquiv conf="0.92788047">
            <Unicode>troͤſtlichſte,</Unicode>
          </TextEquiv>
        </Word>
        <Word id="region0001_line0007_word0002" custom="readingOrder {index:2;}">
          <Coords points="462,650 508,649 508,683 462,684"/>
          <TextEquiv conf="0.93291694">
            <Unicode>die</Unicode>
          </TextEquiv>
        </Word>
        <Word id="region0001_line0007_word0003" custom="readingOrder {index:3;}">
          <Coords points="674,687 674,646 529,648 529,689 563,688 568,688 571,688"/>
          <TextEquiv conf="0.92917365">
            <Unicode>heiligſte,</Unicode>
          </TextEquiv>
        </Word>
        <Word id="region0001_line0007_word0004" custom="readingOrder {index:4;}">
          <Coords points="695,647 755,646 755,677 695,678"/>
          <TextEquiv conf="0.9316136">
            <Unicode>und</Unicode>
          </TextEquiv>
        </Word>
        <Word id="region0001_line0007_word0005" custom="readingOrder {index:5;}">
          <Coords points="905,683 905,642 779,644 779,685 839,684 839,684 881,682 883,683"/>
          <TextEquiv conf="0.92277825">
            <Unicode>zugleich</Unicode>
          </TextEquiv>
        </Word>
        <Word id="region0001_line0007_word0006" custom="readingOrder {index:6;}">
          <Coords points="929,642 976,642 976,676 929,676"/>
          <TextEquiv conf="0.932473">
            <Unicode>die</Unicode>
          </TextEquiv>
        </Word>
        <TextEquiv conf="0.92980665">
          <Unicode>die troͤſtlichſte, die heiligſte, und zugleich die</Unicode>
        </TextEquiv>
      </TextLine>
      <TextLine id="region0001_line0008" custom="readingOrder {index:7;}">
        <Coords points="943,681 934,689 912,691 889,691 885,684 873,683 866,693 857,692 852,685 819,689 810,686 744,690 725,686 718,692 697,690 694,693 678,694 673,689 650,694 646,689 632,689 624,696 612,697 568,696 561,690 551,690 546,695 526,696 480,696 470,691 452,692 449,696 432,695 425,698 408,698 399,693 390,693 381,700 344,701 247,701 239,694 225,694 217,701 173,703 172,751 201,751 208,747 229,749 242,744 313,743 342,744 353,749 371,745 385,749 399,744 412,748 427,744 445,744 450,747 462,747 466,742 506,743 516,740 552,739 589,740 600,745 610,745 617,740 654,739 659,744 668,744 676,739 716,737 722,743 731,743 737,737 848,734 860,742 868,740 876,734 996,731 995,688 958,689 954,682"/>
        <Baseline points="172,739 996,721"/>
        <Word id="region0001_line0008_word0000" custom="readingOrder {index:0;}">
          <Coords points="506,741 506,699 183,704 183,747 237,746 242,744 313,743 342,744 342,744"/>
          <TextEquiv conf="0.9199301">
            <Unicode>zuſammengeſezteſte,</Unicode>
          </TextEquiv>
        </Word>
        <Word id="region0001_line0008_word0001" custom="readingOrder {index:1;}">
          <Coords points="532,699 577,698 577,730 532,731"/>
          <TextEquiv conf="0.9328282">
            <Unicode>die</Unicode>
          </TextEquiv>
        </Word>
        <Word id="region0001_line0008_word0002" custom="readingOrder {index:2;}">
          <Coords points="596,698 759,695 759,735 596,738"/>
          <TextEquiv conf="0.9278739">
            <Unicode>gelehrteſte</Unicode>
          </TextEquiv>
        </Word>
        <Word id="region0001_line0008_word0003" custom="readingOrder {index:3;}">
          <Coords points="923,693 781,695 781,735 848,734 852,736 872,736 876,734 923,732"/>
          <TextEquiv conf="0.9290429">
            <Unicode>Religion</Unicode>
          </TextEquiv>
        </Word>
        <Word id="region0001_line0008_word0004" custom="readingOrder {index:4;}">
          <Coords points="943,691 976,691 977,726 943,726"/>
          <TextEquiv conf="0.9284535">
            <Unicode>in</Unicode>
          </TextEquiv>
        </Word>
        <TextEquiv conf="0.9276257">
          <Unicode>zuſammengeſezteſte, die gelehrteſte Religion in</Unicode>
        </TextEquiv>
      </TextLine>
      <TextLine id="region0001_line0009" custom="readingOrder {index:8;}">
        <Coords points="242,745 229,750 172,752 173,795 439,793 455,789 484,791 490,796 514,792 520,798 529,798 535,792 587,789 631,790 643,797 653,795 658,790 688,788 707,793 724,788 747,789 756,793 785,786 860,785 870,785 875,791 881,792 888,791 893,785 996,783 996,739 964,738 960,733 943,733 937,737 934,733 913,734 901,740 894,740 890,735 876,735 868,741 860,743 848,735 841,735 824,742 775,745 626,748 600,746 591,742 570,744 565,742 534,746 529,741 516,741 507,746 488,744 484,749 450,748 445,745 419,749 402,745 389,749 379,747 353,750 313,744"/>
        <Baseline points="173,784 996,773"/>
        <Word id="region0001_line0009_word0000" custom="readingOrder {index:0;}">
          <Coords points="185,759 236,758 236,790 185,791"/>
          <TextEquiv conf="0.92865914">
            <Unicode>der</Unicode>
          </TextEquiv>
        </Word>
        <Word id="region0001_line0009_word0001" custom="readingOrder {index:1;}">
          <Coords points="247,756 338,754 339,789 248,791"/>
          <TextEquiv conf="0.92937964">
            <Unicode>Welt.</Unicode>
          </TextEquiv>
        </Word>
        <Word id="region0001_line0009_word0002" custom="readingOrder {index:2;}">
          <Coords points="389,754 454,753 455,786 390,787"/>
          <TextEquiv conf="0.92614496">
            <Unicode>Und</Unicode>
          </TextEquiv>
        </Word>
        <Word id="region0001_line0009_word0003" custom="readingOrder {index:3;}">
          <Coords points="568,790 567,748 469,750 469,790 484,791 484,791"/>
          <TextEquiv conf="0.9311049">
            <Unicode>nichts</Unicode>
          </TextEquiv>
        </Word>
        <Word id="region0001_line0009_word0004" custom="readingOrder {index:4;}">
          <Coords points="672,750 584,751 584,789 587,789 615,789 673,789"/>
          <TextEquiv conf="0.9266453">
            <Unicode>darzu</Unicode>
          </TextEquiv>
        </Word>
        <Word id="region0001_line0009_word0005" custom="readingOrder {index:5;}">
          <Coords points="694,753 766,752 767,786 694,787"/>
          <TextEquiv conf="0.9249725">
            <Unicode>ganz</Unicode>
          </TextEquiv>
        </Word>
        <Word id="region0001_line0009_word0006" custom="readingOrder {index:6;}">
          <Coords points="792,744 790,744 791,786 860,785 870,785 871,787 892,786 893,785 977,783 976,741 861,743 860,743 860,743"/>
          <TextEquiv conf="0.91831326">
            <Unicode>entbehrlich.</Unicode>
          </TextEquiv>
        </Word>
        <TextEquiv conf="0.92645997">
          <Unicode>der Welt. Und nichts darzu ganz entbehrlich.</Unicode>
        </TextEquiv>
      </TextLine>
      <TextLine id="region0001_line0010" custom="readingOrder {index:9;}">
        <Coords points="448,790 439,794 422,793 413,797 404,797 399,793 379,797 373,794 344,794 337,797 276,795 245,800 235,796 173,796 173,849 283,845 314,846 321,851 342,845 348,851 356,851 363,845 385,845 391,850 400,850 407,844 474,843 485,848 492,844 526,841 636,839 720,840 732,844 739,840 752,839 756,844 762,845 768,844 772,839 795,844 803,838 811,836 822,836 828,842 834,842 844,836 996,830 996,794 976,793 968,784 956,787 942,784 935,791 881,793 857,792 847,786 816,786 807,794 801,793 795,787 785,787 756,794 740,794 734,789 709,794 688,789 682,794 643,798 632,792 620,793 615,797 514,800 491,800 484,792 472,792 463,797 461,792"/>
        <Baseline points="173,839 996,821"/>
        <Word id="region0001_line0010_word0000" custom="readingOrder {index:0;}">
          <Coords points="184,808 250,807 251,843 185,844"/>
          <TextEquiv conf="0.93236184">
            <Unicode>Die</Unicode>
          </TextEquiv>
        </Word>
        <Word id="region0001_line0010_word0001" custom="readingOrder {index:1;}">
          <Coords points="270,802 271,845 283,845 314,846 314,846 339,846 342,845 343,846 362,846 363,845 385,845 385,845 406,845 407,844 474,843 476,844 499,843 522,841 521,800 514,800 491,800 490,798"/>
          <TextEquiv conf="0.92332083">
            <Unicode>Geſchichtbuͤcher</Unicode>
          </TextEquiv>
        </Word>
        <Word id="region0001_line0010_word0002" custom="readingOrder {index:2;}">
          <Coords points="548,809 600,808 601,835 549,836"/>
          <TextEquiv conf="0.92874146">
            <Unicode>um</Unicode>
          </TextEquiv>
        </Word>
        <Word id="region0001_line0010_word0003" custom="readingOrder {index:3;}">
          <Coords points="621,803 669,802 670,833 622,834"/>
          <TextEquiv conf="0.93186593">
            <Unicode>der</Unicode>
          </TextEquiv>
        </Word>
        <Word id="region0001_line0010_word0004" custom="readingOrder {index:4;}">
          <Coords points="889,794 688,797 689,840 703,840 751,839 752,839 752,839 803,838 803,838 811,836 822,836 824,838 841,838 844,836 890,834"/>
          <TextEquiv conf="0.76666">
            <Unicode>Lehrſchriften</Unicode>
          </TextEquiv>
        </Word>
        <Word id="region0001_line0010_word0005" custom="readingOrder {index:5;}">
          <Coords points="912,795 978,794 979,827 913,828"/>
          <TextEquiv>
            <Unicode>wil⸗</Unicode>
          </TextEquiv>
        </Word>
        <TextEquiv>
          <Unicode>Die Geſchichtbuͤcher um der Lehrſchriften wil⸗</Unicode>
        </TextEquiv>
      </TextLine>
      <TextLine id="region0001_line0011" custom="readingOrder {index:10;}">
        <Coords points="957,833 934,841 881,841 859,837 848,837 839,842 828,843 822,837 811,837 795,845 762,846 733,846 720,841 710,846 628,848 598,847 583,842 559,843 552,848 541,848 534,842 485,849 474,844 457,848 450,848 445,845 428,845 422,850 389,852 384,846 370,846 365,852 340,852 334,847 317,853 247,854 184,849 173,850 173,897 340,894 423,896 456,892 463,898 476,899 480,895 493,894 510,899 514,894 522,893 536,899 543,894 556,894 574,899 585,894 604,894 616,898 626,893 832,886 942,884 953,891 966,884 996,879 996,842 968,841 963,834"/>
        <Baseline points="173,887 621,884 996,871"/>
        <Word id="region0001_line0011_word0000" custom="readingOrder {index:0;}">
          <Coords points="186,856 254,855 255,889 187,890"/>
          <TextEquiv conf="0.9250938">
            <Unicode>len:</Unicode>
          </TextEquiv>
        </Word>
        <Word id="region0001_line0011_word0001" custom="readingOrder {index:1;}">
          <Coords points="280,857 341,856 342,888 281,889"/>
          <TextEquiv conf="0.92624635">
            <Unicode>und</Unicode>
          </TextEquiv>
        </Word>
        <Word id="region0001_line0011_word0002" custom="readingOrder {index:2;}">
          <Coords points="356,854 416,853 417,887 357,888"/>
          <TextEquiv conf="0.9290118">
            <Unicode>eine</Unicode>
          </TextEquiv>
        </Word>
        <Word id="region0001_line0011_word0003" custom="readingOrder {index:3;}">
          <Coords points="596,891 595,848 428,851 429,894 441,893 456,892 457,893"/>
          <TextEquiv conf="0.9263606">
            <Unicode>Lehrſchrift</Unicode>
          </TextEquiv>
        </Word>
        <Word id="region0001_line0011_word0004" custom="readingOrder {index:4;}">
          <Coords points="609,856 660,855 661,890 610,891"/>
          <TextEquiv conf="0.9296118">
            <Unicode>zur</Unicode>
          </TextEquiv>
        </Word>
        <Word id="region0001_line0011_word0005" custom="readingOrder {index:5;}">
          <Coords points="674,850 787,848 788,880 675,882"/>
          <TextEquiv conf="0.92848104">
            <Unicode>andern</Unicode>
          </TextEquiv>
        </Word>
        <Word id="region0001_line0011_word0006" custom="readingOrder {index:6;}">
          <Coords points="807,846 874,844 875,878 808,880"/>
          <TextEquiv conf="0.9294875">
            <Unicode>bald</Unicode>
          </TextEquiv>
        </Word>
        <Word id="region0001_line0011_word0007" custom="readingOrder {index:7;}">
          <Coords points="979,842 891,843 892,884 971,883 979,881"/>
          <TextEquiv conf="0.21160904">
            <Unicode>noth⸗</Unicode>
          </TextEquiv>
        </Word>
        <TextEquiv conf="0.83823776">
          <Unicode>len: und eine Lehrſchrift zur andern bald noth⸗</Unicode>
        </TextEquiv>
      </TextLine>
      <TextLine id="region0001_line0012" custom="readingOrder {index:11;}">
        <Coords points="331,895 320,903 299,904 294,904 289,897 273,897 270,900 257,899 250,904 173,904 173,947 259,947 281,949 290,954 303,953 309,949 374,945 463,946 477,950 488,941 498,945 517,944 526,949 538,945 568,949 635,947 646,942 657,944 666,941 735,941 747,944 763,939 806,938 859,937 865,943 876,943 882,938 904,942 909,938 935,935 949,940 954,936 991,933 996,932 996,920 996,893 976,892 968,888 953,892 942,885 927,891 921,886 892,886 888,889 860,890 847,887 771,889 768,893 714,890 667,898 632,893 616,899 604,895 585,895 574,900 536,900 522,894 510,900 493,895 480,896 476,900 463,899 456,893 440,897 437,902 393,900 380,896 367,896 359,901 350,901 346,896"/>
        <Baseline points="173,937 593,936 996,924"/>
        <Word id="region0001_line0012_word0000" custom="readingOrder {index:0;}">
          <Coords points="306,949 305,908 187,910 188,947 259,947 281,949 282,949"/>
          <TextEquiv conf="0.9271817">
            <Unicode>wendig</Unicode>
          </TextEquiv>
        </Word>
        <Word id="region0001_line0012_word0001" custom="readingOrder {index:1;}">
          <Coords points="326,907 396,905 397,939 327,941"/>
          <TextEquiv conf="0.9146175">
            <Unicode>bald</Unicode>
          </TextEquiv>
        </Word>
        <Word id="region0001_line0012_word0002" custom="readingOrder {index:2;}">
          <Coords points="405,902 406,945 463,946 467,947 481,947 488,941 498,945 517,944 521,946 535,946 538,945 546,946 546,946 545,900 437,902 437,902 429,902"/>
          <TextEquiv>
            <Unicode>nuͤtzlich.</Unicode>
          </TextEquiv>
        </Word>
        <Word id="region0001_line0012_word0003" custom="readingOrder {index:3;}">
          <Coords points="690,902 603,904 604,945 641,944 646,942 655,943 657,943 666,941 690,941"/>
          <TextEquiv conf="0.91228956">
            <Unicode>Zum</Unicode>
          </TextEquiv>
        </Word>
        <Word id="region0001_line0012_word0004" custom="readingOrder {index:4;}">
          <Coords points="796,901 707,902 707,941 735,941 741,942 751,942 763,939 796,938"/>
          <TextEquiv conf="0.76385164">
            <Unicode>Theil</Unicode>
          </TextEquiv>
        </Word>
        <Word id="region0001_line0012_word0005" custom="readingOrder {index:5;}">
          <Coords points="981,896 818,898 818,937 859,937 862,940 879,940 882,938 893,940 906,939 909,938 935,935 947,939 949,939 954,936 981,933"/>
          <TextEquiv>
            <Unicode>Geſchicht⸗</Unicode>
          </TextEquiv>
        </Word>
        <TextEquiv>
          <Unicode>wendig bald nuͤtzlich. Zum Theil Geſchicht⸗</Unicode>
        </TextEquiv>
      </TextLine>
      <TextLine id="region0001_line0013" custom="readingOrder {index:12;}">
        <Coords points="488,942 477,951 463,947 439,947 434,950 422,950 418,946 389,948 374,946 347,950 330,948 324,953 296,955 266,954 259,948 244,948 236,954 223,954 205,948 173,948 172,998 231,996 245,998 251,1002 265,997 373,996 396,996 406,1002 415,995 423,995 434,1002 442,1003 448,1002 456,989 462,989 473,1001 480,996 499,997 503,1002 513,1001 519,996 549,994 557,1001 564,1001 571,994 594,999 622,994 653,992 662,993 669,998 678,998 683,993 688,993 712,997 757,997 797,991 819,992 848,988 995,985 996,979 996,942 949,943 935,936 918,945 869,945 859,938 846,938 840,941 818,938 763,940 747,945 731,942 704,946 683,947 678,942 666,942 658,945 646,943 633,949 616,947 605,950 575,950 537,947 526,950 517,945 498,946"/>
        <Baseline points="173,988 731,986 996,975"/>
        <Word id="region0001_line0013_word0000" custom="readingOrder {index:0;}">
          <Coords points="265,957 187,958 188,997 231,996 245,998 245,998 262,998 265,997 266,997"/>
          <TextEquiv conf="0.9292748">
            <Unicode>buch</Unicode>
          </TextEquiv>
        </Word>
        <Word id="region0001_line0013_word0001" custom="readingOrder {index:1;}">
          <Coords points="287,960 349,959 349,991 287,992"/>
          <TextEquiv conf="0.92391753">
            <Unicode>und</Unicode>
          </TextEquiv>
        </Word>
        <Word id="region0001_line0013_word0002" custom="readingOrder {index:2;}">
          <Coords points="368,948 369,996 373,996 396,996 398,997 412,997 415,995 423,995 426,997 451,996 456,989 462,989 469,996 533,995 533,948 526,950 518,945 509,945 498,946 497,946 483,946 477,951 463,947 439,947 434,950 422,950 419,947 397,947 389,948 386,948"/>
          <TextEquiv conf="0.92940277">
            <Unicode>Lehrſchrift</Unicode>
          </TextEquiv>
        </Word>
        <Word id="region0001_line0013_word0003" custom="readingOrder {index:3;}">
          <Coords points="557,951 557,994 693,991 693,948 605,950 605,950 602,950"/>
          <TextEquiv conf="0.9244416">
            <Unicode>zugleich.</Unicode>
          </TextEquiv>
        </Word>
        <Word id="region0001_line0013_word0004" custom="readingOrder {index:4;}">
          <Coords points="762,949 823,948 823,989 762,990"/>
          <TextEquiv conf="0.92198634">
            <Unicode>Jch</Unicode>
          </TextEquiv>
        </Word>
        <Word id="region0001_line0013_word0005" custom="readingOrder {index:5;}">
          <Coords points="843,947 897,946 897,981 843,982"/>
          <TextEquiv conf="0.9292736">
            <Unicode>kan</Unicode>
          </TextEquiv>
        </Word>
        <Word id="region0001_line0013_word0006" custom="readingOrder {index:6;}">
          <Coords points="917,947 981,946 981,980 917,981"/>
          <TextEquiv conf="0.932373">
            <Unicode>eine</Unicode>
          </TextEquiv>
        </Word>
        <TextEquiv conf="0.9272385">
          <Unicode>buch und Lehrſchrift zugleich. Jch kan eine</Unicode>
        </TextEquiv>
      </TextLine>
      <TextLine id="region0001_line0014" custom="readingOrder {index:13;}">
        <Coords points="456,990 451,996 451,1002 442,1004 431,1003 429,998 423,996 415,996 406,1003 389,997 374,997 329,997 311,1002 304,997 292,997 285,1001 282,998 266,998 251,1003 231,997 218,997 207,1005 173,1008 172,1056 202,1056 214,1049 229,1050 239,1047 290,1048 299,1054 304,1054 311,1048 386,1048 392,1052 407,1052 415,1047 448,1046 487,1048 495,1053 508,1053 517,1047 579,1043 657,1045 663,1049 715,1043 722,1049 734,1049 742,1043 763,1041 919,1038 956,1040 962,1044 995,1041 996,1038 996,994 933,994 925,994 917,987 901,988 896,994 871,995 797,992 757,998 646,1000 616,1000 614,997 587,1000 580,995 572,995 564,1002 557,1002 549,995 540,995 528,997 525,1001 473,1003 462,990"/>
        <Baseline points="173,1044 996,1030"/>
        <Word id="region0001_line0014_word0000" custom="readingOrder {index:0;}">
          <Coords points="187,1047 326,1045 326,1002 208,1003 207,1005 187,1006"/>
          <TextEquiv conf="0.92360044">
            <Unicode>goͤttliche</Unicode>
          </TextEquiv>
        </Word>
        <Word id="region0001_line0014_word0001" custom="readingOrder {index:1;}">
          <Coords points="455,990 451,996 451,1002 442,1004 431,1003 429,998 423,996 415,996 406,1003 389,997 374,997 345,997 346,1044 515,1041 514,1001 473,1003 462,990 457,990"/>
          <TextEquiv conf="0.9278987">
            <Unicode>Regierung</Unicode>
          </TextEquiv>
        </Word>
        <Word id="region0001_line0014_word0002" custom="readingOrder {index:2;}">
          <Coords points="535,998 535,1034 581,1033 581,997 569,997 564,1002 557,1002 552,997"/>
          <TextEquiv conf="0.9315305">
            <Unicode>bei</Unicode>
          </TextEquiv>
        </Word>
        <Word id="region0001_line0014_word0003" custom="readingOrder {index:3;}">
          <Coords points="600,1000 600,1032 649,1031 649,1000 646,1000 616,1000 616,1000"/>
          <TextEquiv conf="0.93034446">
            <Unicode>der</Unicode>
          </TextEquiv>
        </Word>
        <Word id="region0001_line0014_word0004" custom="readingOrder {index:4;}">
          <Coords points="664,1004 774,1002 774,1036 664,1038"/>
          <TextEquiv conf="0.923597">
            <Unicode>ganzen</Unicode>
          </TextEquiv>
        </Word>
        <Word id="region0001_line0014_word0005" custom="readingOrder {index:5;}">
          <Coords points="787,994 787,1035 982,1032 981,994 933,994 925,994 922,991 897,992 896,994 871,995 829,993"/>
          <TextEquiv conf="0.9148314">
            <Unicode>Sammlung</Unicode>
          </TextEquiv>
        </Word>
        <TextEquiv conf="0.9253004">
          <Unicode>goͤttliche Regierung bei der ganzen Sammlung</Unicode>
        </TextEquiv>
      </TextLine>
      <TextLine id="region0001_line0015" custom="readingOrder {index:14;}">
        <Coords points="239,1048 228,1053 224,1050 214,1050 202,1057 172,1057 172,1101 235,1100 247,1104 257,1100 300,1097 491,1095 501,1094 506,1089 506,1060 497,1054 383,1055 356,1053 351,1048 334,1048 327,1054 299,1055 269,1051 254,1054 250,1049"/>
        <Baseline points="172,1091 506,1083"/>
        <Word id="word_1655280431994_2144" custom="readingOrder {index:0;}">
          <Coords points="188,1057 202,1057 206,1055 253,1053 254,1054 258,1053 268,1053 269,1094 229,1095 188,1095"/>
          <TextEquiv conf="0.929127">
            <Unicode>nicht</Unicode>
          </TextEquiv>
        </Word>
        <Word id="region0001_line0015_word0001" custom="readingOrder {index:1;}">
          <Coords points="282,1054 283,1089 452,1086 451,1054 383,1055 356,1053 356,1053 328,1053 327,1054 299,1055 290,1054"/>
          <TextEquiv conf="0.92799675">
            <Unicode>verkennen.</Unicode>
          </TextEquiv>
        </Word>
        <TextEquiv conf="0.92856187">
          <Unicode>nicht verkennen.</Unicode>
        </TextEquiv>
      </TextLine>
      <TextEquiv>
        <Unicode>Lehrgebaͤude vor ſich. Und aus ihren Schriften
zuſammengenommen erwaͤchſt ein nach allen ſei⸗
nen Theilen mit einander verbundnes vollſtaͤndi⸗
ges Lehrgebaͤude. Aus dieſen dem Scheine
nach ohne den geringſten Plan zuſammengefuͤg⸗
ten Stuͤcken, erwaͤchſt ein vollkomnes Ganze:
die troͤſtlichſte, die heiligſte, und zugleich die
zuſammengeſezteſte, die gelehrteſte Religion in
der Welt. Und nichts darzu ganz entbehrlich.
Die Geſchichtbuͤcher um der Lehrſchriften wil⸗
len: und eine Lehrſchrift zur andern bald noth⸗
wendig bald nuͤtzlich. Zum Theil Geſchicht⸗
buch und Lehrſchrift zugleich. Jch kan eine
goͤttliche Regierung bei der ganzen Sammlung
nicht verkennen.</Unicode>
      </TextEquiv>
    </TextRegion>
    <TextRegion orientation="0.9527329" readingDirection="left-to-right" id="TextRegion_1655280431958_2140" custom="readingOrder {index:1;}">
      <Coords points="170,1095 994,1095 993,1761 169,1761"/>
      <TextLine id="region0001_line0016" custom="readingOrder {index:0;}">
        <Coords points="881,1087 836,1090 822,1094 762,1095 744,1093 739,1097 733,1097 672,1094 631,1100 618,1101 611,1095 602,1095 593,1101 560,1102 527,1095 518,1095 510,1100 481,1104 466,1103 450,1096 419,1097 380,1105 364,1104 359,1099 347,1099 342,1103 322,1104 317,1100 303,1103 283,1100 247,1105 209,1103 199,1110 200,1140 212,1149 238,1151 363,1147 436,1148 449,1153 454,1148 488,1146 735,1142 739,1149 745,1150 750,1149 758,1140 767,1140 779,1147 792,1147 801,1142 831,1140 996,1138 996,1093 940,1095 928,1088 910,1090"/>
        <Baseline points="200,1140 996,1127"/>
        <Word id="region0001_line0016_word0000" custom="readingOrder {index:0;}">
          <Coords points="261,1110 327,1109 328,1142 262,1143"/>
          <TextEquiv conf="0.81827074">
            <Unicode>Und</Unicode>
          </TextEquiv>
        </Word>
        <Word id="region0001_line0016_word0001" custom="readingOrder {index:1;}">
          <Coords points="349,1108 397,1107 398,1140 350,1141"/>
          <TextEquiv conf="0.9298417">
            <Unicode>der</Unicode>
          </TextEquiv>
        </Word>
        <Word id="region0001_line0016_word0002" custom="readingOrder {index:2;}">
          <Coords points="410,1105 411,1145 581,1142 580,1102 483,1103 481,1104 478,1103"/>
          <TextEquiv conf="0.92410105">
            <Unicode>Charakter</Unicode>
          </TextEquiv>
        </Word>
        <Word id="region0001_line0016_word0003" custom="readingOrder {index:3;}">
          <Coords points="602,1104 651,1103 652,1135 603,1136"/>
          <TextEquiv conf="0.9274627">
            <Unicode>der</Unicode>
          </TextEquiv>
        </Word>
        <Word id="region0001_line0016_word0004" custom="readingOrder {index:4;}">
          <Coords points="846,1100 675,1103 675,1142 709,1142 756,1141 758,1140 767,1140 769,1141 825,1140 831,1140 846,1139"/>
          <TextEquiv conf="0.92765206">
            <Unicode>Verfaſſer!</Unicode>
          </TextEquiv>
        </Word>
        <Word id="region0001_line0016_word0005" custom="readingOrder {index:5;}">
          <Coords points="872,1097 982,1096 983,1132 873,1133"/>
          <TextEquiv conf="0.925817">
            <Unicode>Keiner</Unicode>
          </TextEquiv>
        </Word>
        <TextEquiv conf="0.9088575">
          <Unicode>Und der Charakter der Verfaſſer! Keiner</Unicode>
        </TextEquiv>
      </TextLine>
      <TextLine id="region0001_line0017" custom="readingOrder {index:1;}">
        <Coords points="197,1151 173,1153 173,1207 188,1207 200,1211 213,1203 218,1203 224,1208 232,1208 239,1202 247,1201 287,1200 296,1201 302,1206 311,1206 317,1201 402,1198 406,1205 418,1206 424,1198 554,1197 556,1200 574,1195 594,1195 600,1200 610,1201 616,1196 677,1193 723,1193 735,1197 780,1192 832,1192 837,1197 845,1197 852,1192 936,1191 996,1186 996,1148 961,1146 951,1139 887,1141 871,1147 852,1147 845,1141 833,1141 825,1146 820,1142 801,1143 792,1148 779,1148 770,1142 758,1141 746,1151 699,1151 692,1143 679,1145 675,1152 615,1150 611,1145 595,1145 590,1149 581,1145 563,1146 555,1151 547,1151 539,1146 504,1147 466,1155 451,1155 436,1149 429,1152 412,1149 403,1155 312,1158 301,1157 294,1149 280,1150 270,1156 264,1151 241,1155 232,1150"/>
        <Baseline points="173,1195 996,1177"/>
        <Word id="region0001_line0017_word0000" custom="readingOrder {index:0;}">
          <Coords points="315,1158 190,1160 191,1206 208,1205 213,1203 218,1203 221,1205 235,1205 239,1202 247,1201 287,1200 296,1201 299,1204 313,1204 315,1201"/>
          <TextEquiv conf="0.9286679">
            <Unicode>ſchrieb,</Unicode>
          </TextEquiv>
        </Word>
        <Word id="region0001_line0017_word0001" custom="readingOrder {index:1;}">
          <Coords points="340,1167 392,1166 393,1192 341,1193"/>
          <TextEquiv conf="0.93005973">
            <Unicode>um</Unicode>
          </TextEquiv>
        </Word>
        <Word id="region0001_line0017_word0002" custom="readingOrder {index:2;}">
          <Coords points="479,1158 407,1159 408,1200 422,1199 424,1198 479,1197"/>
          <TextEquiv conf="0.92684585">
            <Unicode>ſeine</Unicode>
          </TextEquiv>
        </Word>
        <Word id="region0001_line0017_word0003" custom="readingOrder {index:3;}">
          <Coords points="662,1154 499,1157 500,1197 554,1197 554,1197 568,1197 574,1195 594,1195 595,1196 620,1196 663,1194"/>
          <TextEquiv conf="0.9285008">
            <Unicode>Einſichten</Unicode>
          </TextEquiv>
        </Word>
        <Word id="region0001_line0017_word0004" custom="readingOrder {index:4;}">
          <Coords points="682,1153 712,1152 713,1187 683,1188"/>
          <TextEquiv conf="0.9285008">
            <Unicode>in</Unicode>
          </TextEquiv>
        </Word>
        <Word id="region0001_line0017_word0005" custom="readingOrder {index:5;}">
          <Coords points="888,1190 887,1147 748,1150 746,1151 728,1151 729,1193 780,1192 780,1192 782,1192"/>
          <TextEquiv conf="0.92438674">
            <Unicode>goͤttlichen</Unicode>
          </TextEquiv>
        </Word>
        <Word id="region0001_line0017_word0006" custom="readingOrder {index:6;}">
          <Coords points="902,1150 984,1149 985,1185 903,1186"/>
          <TextEquiv conf="0.6239453">
            <Unicode>Din⸗</Unicode>
          </TextEquiv>
        </Word>
        <TextEquiv conf="0.88441527">
          <Unicode>ſchrieb, um ſeine Einſichten in goͤttlichen Din⸗</Unicode>
        </TextEquiv>
      </TextLine>
      <TextLine id="region0001_line0018" custom="readingOrder {index:2;}">
        <Coords points="669,1194 660,1202 638,1202 632,1197 603,1202 594,1196 574,1196 565,1201 526,1204 499,1205 493,1199 482,1199 475,1205 465,1206 375,1208 371,1200 356,1200 351,1207 345,1208 233,1208 173,1212 173,1260 211,1260 217,1256 239,1252 266,1254 269,1258 277,1258 284,1257 290,1252 310,1249 338,1256 347,1252 364,1252 376,1258 385,1257 392,1251 437,1253 443,1250 474,1248 785,1244 799,1251 809,1249 815,1243 837,1242 880,1242 895,1249 905,1249 911,1243 925,1246 932,1241 996,1240 996,1196 944,1196 934,1191 920,1192 915,1195 887,1192 829,1200 824,1193 809,1194 802,1201 793,1193 750,1195 742,1198 723,1194 685,1201 681,1195"/>
        <Baseline points="173,1248 996,1230"/>
        <Word id="region0001_line0018_word0000" custom="readingOrder {index:0;}">
          <Coords points="194,1216 252,1215 253,1250 195,1251"/>
          <TextEquiv conf="0.9307483">
            <Unicode>gen</Unicode>
          </TextEquiv>
        </Word>
        <Word id="region0001_line0018_word0001" custom="readingOrder {index:1;}">
          <Coords points="273,1216 307,1216 308,1249 274,1249"/>
          <TextEquiv conf="0.92985135">
            <Unicode>zu</Unicode>
          </TextEquiv>
        </Word>
        <Word id="region0001_line0018_word0002" custom="readingOrder {index:2;}">
          <Coords points="351,1207 351,1207 345,1208 328,1208 329,1249 443,1247 442,1207 375,1208 374,1206"/>
          <TextEquiv conf="0.92797464">
            <Unicode>zeigen,</Unicode>
          </TextEquiv>
        </Word>
        <Word id="region0001_line0018_word0003" custom="readingOrder {index:3;}">
          <Coords points="463,1208 531,1207 532,1241 464,1242"/>
          <TextEquiv conf="0.92672026">
            <Unicode>oder</Unicode>
          </TextEquiv>
        </Word>
        <Word id="region0001_line0018_word0004" custom="readingOrder {index:4;}">
          <Coords points="559,1206 631,1204 632,1238 560,1240"/>
          <TextEquiv conf="0.92385846">
            <Unicode>blos</Unicode>
          </TextEquiv>
        </Word>
        <Word id="region0001_line0018_word0005" custom="readingOrder {index:5;}">
          <Coords points="652,1203 699,1202 700,1237 653,1238"/>
          <TextEquiv conf="0.9297335">
            <Unicode>ein</Unicode>
          </TextEquiv>
        </Word>
        <Word id="region0001_line0018_word0006" custom="readingOrder {index:6;}">
          <Coords points="984,1199 721,1203 721,1244 785,1244 788,1245 812,1245 815,1243 837,1242 880,1242 885,1244 909,1244 911,1243 915,1244 927,1243 932,1241 984,1240"/>
          <TextEquiv>
            <Unicode>Religionsſyſtem</Unicode>
          </TextEquiv>
        </Word>
        <TextEquiv>
          <Unicode>gen zu zeigen, oder blos ein Religionsſyſtem</Unicode>
        </TextEquiv>
      </TextLine>
      <TextLine id="region0001_line0019" custom="readingOrder {index:3;}">
        <Coords points="310,1250 290,1253 284,1258 277,1259 263,1259 253,1253 239,1253 233,1260 173,1263 173,1303 227,1303 241,1308 267,1304 295,1307 300,1303 317,1303 322,1308 335,1307 346,1301 374,1300 519,1299 520,1302 528,1304 535,1304 543,1299 591,1297 615,1304 623,1303 630,1298 648,1296 727,1295 738,1296 740,1299 804,1294 876,1294 881,1297 890,1297 896,1293 918,1293 930,1299 935,1297 937,1291 995,1291 996,1248 953,1248 937,1242 925,1247 911,1244 905,1250 895,1250 880,1243 857,1246 852,1243 837,1243 801,1252 784,1252 764,1251 759,1245 740,1245 728,1246 724,1252 702,1252 698,1246 684,1246 677,1254 618,1256 607,1247 596,1247 591,1252 576,1250 570,1256 539,1256 495,1249 474,1249 443,1251 437,1254 416,1252 399,1257 376,1259 338,1257"/>
        <Baseline points="173,1293 996,1281"/>
        <Word id="region0001_line0019_word0000" custom="readingOrder {index:0;}">
          <Coords points="235,1258 233,1260 192,1262 193,1303 227,1303 228,1303 346,1301 346,1301 374,1300 404,1300 403,1256 399,1257 376,1259 338,1257 335,1256 285,1257 284,1258 277,1259 263,1259 261,1258"/>
          <TextEquiv conf="0.91963655">
            <Unicode>aufzufuͤhren.</Unicode>
          </TextEquiv>
        </Word>
        <Word id="region0001_line0019_word0001" custom="readingOrder {index:1;}">
          <Coords points="452,1259 515,1258 515,1292 452,1293"/>
          <TextEquiv conf="0.9315703">
            <Unicode>Alle</Unicode>
          </TextEquiv>
        </Word>
        <Word id="region0001_line0019_word0002" custom="readingOrder {index:2;}">
          <Coords points="526,1257 527,1299 552,1299 591,1297 594,1298 635,1297 648,1296 663,1296 662,1255 636,1255 618,1256 618,1256"/>
          <TextEquiv conf="0.9314652">
            <Unicode>predigen</Unicode>
          </TextEquiv>
        </Word>
        <Word id="region0001_line0019_word0003" custom="readingOrder {index:3;}">
          <Coords points="685,1254 716,1253 716,1286 685,1287"/>
          <TextEquiv conf="0.9325362">
            <Unicode>in</Unicode>
          </TextEquiv>
        </Word>
        <Word id="region0001_line0019_word0004" custom="readingOrder {index:4;}">
          <Coords points="731,1253 732,1295 814,1293 813,1251 804,1251 801,1252 784,1252 780,1251"/>
          <TextEquiv conf="0.9264452">
            <Unicode>ihren</Unicode>
          </TextEquiv>
        </Word>
        <Word id="region0001_line0019_word0005" custom="readingOrder {index:5;}">
          <Coords points="987,1249 828,1251 829,1294 896,1293 896,1293 908,1293 936,1293 937,1291 987,1291"/>
          <TextEquiv conf="0.9197602">
            <Unicode>Schriften</Unicode>
          </TextEquiv>
        </Word>
        <TextEquiv conf="0.92690223">
          <Unicode>aufzufuͤhren. Alle predigen in ihren Schriften</Unicode>
        </TextEquiv>
      </TextLine>
      <TextLine id="region0001_line0020" custom="readingOrder {index:4;}">
        <Coords points="197,1305 173,1307 172,1353 178,1348 192,1346 200,1353 215,1353 361,1352 369,1359 377,1359 382,1353 432,1352 439,1356 450,1352 507,1350 616,1349 620,1355 629,1356 634,1354 639,1348 665,1351 671,1347 730,1345 875,1343 882,1344 888,1350 897,1350 904,1344 912,1344 918,1350 927,1350 933,1343 995,1340 996,1335 996,1301 982,1301 980,1296 972,1292 961,1293 956,1300 930,1300 918,1294 896,1294 890,1298 858,1296 844,1301 777,1303 763,1302 760,1297 739,1299 734,1303 727,1296 706,1296 697,1303 667,1303 662,1297 630,1299 619,1305 571,1299 541,1301 535,1305 519,1303 500,1307 453,1305 446,1301 434,1301 425,1306 394,1306 383,1302 356,1303 351,1307 342,1308 322,1309 319,1306 286,1308 281,1304 233,1309 227,1304 216,1304 211,1307"/>
        <Baseline points="172,1342 996,1330"/>
        <Word id="region0001_line0020_word0000" custom="readingOrder {index:0;}">
          <Coords points="242,1349 242,1315 195,1316 195,1348 196,1349"/>
          <TextEquiv conf="0.92929864">
            <Unicode>die</Unicode>
          </TextEquiv>
        </Word>
        <Word id="region0001_line0020_word0001" custom="readingOrder {index:1;}">
          <Coords points="467,1351 467,1310 255,1314 255,1352 361,1352 362,1352"/>
          <TextEquiv conf="0.92851263">
            <Unicode>Gottesfurcht</Unicode>
          </TextEquiv>
        </Word>
        <Word id="region0001_line0020_word0002" custom="readingOrder {index:2;}">
          <Coords points="493,1313 540,1312 540,1344 493,1345"/>
          <TextEquiv conf="0.92616105">
            <Unicode>und</Unicode>
          </TextEquiv>
        </Word>
        <Word id="region0001_line0020_word0003" custom="readingOrder {index:3;}">
          <Coords points="790,1305 546,1309 546,1349 616,1349 617,1350 636,1350 639,1348 657,1350 666,1350 671,1347 730,1345 790,1344"/>
          <TextEquiv conf="0.92110854">
            <Unicode>Menſchenliebe:</Unicode>
          </TextEquiv>
        </Word>
        <Word id="region0001_line0020_word0004" custom="readingOrder {index:4;}">
          <Coords points="813,1306 875,1305 875,1337 813,1338"/>
          <TextEquiv conf="0.93001425">
            <Unicode>und</Unicode>
          </TextEquiv>
        </Word>
        <Word id="region0001_line0020_word0005" custom="readingOrder {index:5;}">
          <Coords points="890,1302 890,1343 944,1342 987,1340 987,1301"/>
          <TextEquiv>
            <Unicode>ſchrei⸗</Unicode>
          </TextEquiv>
        </Word>
        <TextEquiv>
          <Unicode>die Gottesfurcht und Menſchenliebe: und ſchrei⸗</Unicode>
        </TextEquiv>
      </TextLine>
      <TextLine id="region0001_line0021" custom="readingOrder {index:5;}">
        <Coords points="188,1347 178,1349 172,1354 172,1403 304,1402 328,1404 331,1407 340,1409 350,1403 434,1402 439,1408 450,1407 455,1401 473,1401 493,1402 502,1407 524,1402 543,1408 556,1403 614,1403 641,1398 675,1398 693,1404 705,1398 724,1397 834,1395 861,1396 874,1399 880,1395 904,1394 996,1393 995,1350 879,1351 872,1344 862,1345 851,1351 826,1346 800,1347 709,1355 688,1355 682,1348 671,1348 665,1353 648,1351 645,1355 564,1359 515,1356 507,1351 497,1351 490,1355 485,1352 467,1352 463,1355 450,1353 439,1357 383,1361 343,1359 336,1354 306,1359 300,1354 281,1353 261,1359 230,1360 218,1358 214,1353 200,1354 194,1348"/>
        <Baseline points="172,1392 536,1393 996,1383"/>
        <Word id="region0001_line0021_word0000" custom="readingOrder {index:0;}">
          <Coords points="182,1392 252,1391 251,1359 230,1360 218,1358 214,1353 200,1354 194,1348 188,1347 181,1348"/>
          <TextEquiv>
            <Unicode>ben</Unicode>
          </TextEquiv>
        </Word>
        <Word id="region0001_line0021_word0001" custom="readingOrder {index:1;}">
          <Coords points="271,1355 267,1357 268,1396 348,1394 347,1359 343,1359 336,1354 334,1354 306,1359 301,1355"/>
          <TextEquiv conf="0.93109846">
            <Unicode>blos,</Unicode>
          </TextEquiv>
        </Word>
        <Word id="region0001_line0021_word0002" custom="readingOrder {index:2;}">
          <Coords points="370,1362 423,1361 423,1387 370,1388"/>
          <TextEquiv conf="0.9293227">
            <Unicode>um</Unicode>
          </TextEquiv>
        </Word>
        <Word id="region0001_line0021_word0003" custom="readingOrder {index:3;}">
          <Coords points="438,1394 530,1392 529,1356 515,1356 507,1351 497,1351 490,1355 485,1352 467,1352 463,1355 450,1353 439,1357 437,1357"/>
          <TextEquiv conf="0.92237926">
            <Unicode>ſolche</Unicode>
          </TextEquiv>
        </Word>
        <Word id="region0001_line0021_word0004" custom="readingOrder {index:4;}">
          <Coords points="543,1358 543,1392 579,1391 579,1358 564,1359 546,1357"/>
          <TextEquiv conf="0.92616785">
            <Unicode>zu</Unicode>
          </TextEquiv>
        </Word>
        <Word id="region0001_line0021_word0005" custom="readingOrder {index:5;}">
          <Coords points="600,1390 749,1388 748,1351 709,1355 688,1355 682,1348 671,1348 665,1353 648,1351 645,1355 599,1357"/>
          <TextEquiv conf="0.92170787">
            <Unicode>predigen.</Unicode>
          </TextEquiv>
        </Word>
        <Word id="region0001_line0021_word0006" custom="readingOrder {index:6;}">
          <Coords points="798,1348 799,1387 878,1385 877,1349 874,1346 859,1346 851,1351 831,1347"/>
          <TextEquiv conf="0.9280565">
            <Unicode>Auch</Unicode>
          </TextEquiv>
        </Word>
        <Word id="region0001_line0021_word0007" custom="readingOrder {index:7;}">
          <Coords points="897,1351 898,1379 988,1378 987,1350 959,1350"/>
          <TextEquiv conf="0.9161562">
            <Unicode>wenn</Unicode>
          </TextEquiv>
        </Word>
        <TextEquiv>
          <Unicode>ben blos, um ſolche zu predigen. Auch wenn</Unicode>
        </TextEquiv>
      </TextLine>
      <TextLine id="region0001_line0022" custom="readingOrder {index:6;}">
        <Coords points="198,1405 172,1406 172,1457 192,1456 203,1459 221,1454 244,1454 262,1462 268,1461 272,1455 307,1458 311,1455 337,1452 439,1453 448,1454 453,1457 463,1457 472,1453 538,1451 544,1455 554,1456 561,1451 604,1448 675,1452 758,1447 774,1449 780,1453 807,1448 850,1447 853,1451 860,1452 871,1444 879,1443 935,1444 941,1450 948,1450 958,1444 996,1441 995,1401 960,1400 955,1394 939,1394 932,1401 879,1401 861,1397 844,1400 841,1397 830,1396 784,1405 744,1405 739,1401 693,1405 678,1400 666,1406 617,1407 614,1404 598,1403 593,1407 568,1408 556,1404 543,1409 524,1403 502,1408 473,1402 455,1402 447,1409 439,1409 434,1403 423,1403 413,1409 388,1411 340,1410 313,1408 304,1403 288,1406 258,1404 254,1407 240,1408"/>
        <Baseline points="172,1445 996,1431"/>
        <Word id="region0001_line0022_word0000" custom="readingOrder {index:0;}">
          <Coords points="235,1415 196,1416 197,1457 211,1456 221,1454 235,1454"/>
          <TextEquiv conf="0.9309268">
            <Unicode>ſie</Unicode>
          </TextEquiv>
        </Word>
        <Word id="region0001_line0022_word0001" custom="readingOrder {index:1;}">
          <Coords points="310,1455 309,1413 256,1414 257,1456 272,1456 272,1455 279,1456"/>
          <TextEquiv conf="0.92943406">
            <Unicode>ſich</Unicode>
          </TextEquiv>
        </Word>
        <Word id="region0001_line0022_word0002" custom="readingOrder {index:2;}">
          <Coords points="329,1413 486,1410 487,1449 330,1452"/>
          <TextEquiv conf="0.9241327">
            <Unicode>veranlaßt</Unicode>
          </TextEquiv>
        </Word>
        <Word id="region0001_line0022_word0003" custom="readingOrder {index:3;}">
          <Coords points="654,1448 653,1408 508,1411 509,1451 582,1449 604,1448 617,1448"/>
          <TextEquiv conf="0.8938768">
            <Unicode>befunden</Unicode>
          </TextEquiv>
        </Word>
        <Word id="region0001_line0022_word0004" custom="readingOrder {index:4;}">
          <Coords points="674,1407 793,1405 794,1445 675,1447"/>
          <TextEquiv conf="0.9285736">
            <Unicode>hatten,</Unicode>
          </TextEquiv>
        </Word>
        <Word id="region0001_line0022_word0005" custom="readingOrder {index:5;}">
          <Coords points="988,1401 822,1403 823,1445 870,1444 871,1444 879,1443 923,1444 967,1443 989,1442"/>
          <TextEquiv>
            <Unicode>Lehrwahr⸗</Unicode>
          </TextEquiv>
        </Word>
        <TextEquiv>
          <Unicode>ſie ſich veranlaßt befunden hatten, Lehrwahr⸗</Unicode>
        </TextEquiv>
      </TextLine>
      <TextLine id="region0001_line0023" custom="readingOrder {index:7;}">
        <Coords points="230,1455 226,1461 219,1460 216,1456 203,1460 192,1457 172,1458 173,1506 195,1506 205,1510 218,1505 238,1504 330,1504 354,1505 361,1511 372,1511 380,1505 398,1503 438,1503 446,1510 462,1508 469,1502 498,1502 506,1506 518,1501 526,1505 553,1501 565,1502 567,1506 576,1508 585,1507 588,1502 601,1502 608,1507 615,1507 628,1502 665,1500 671,1506 681,1506 687,1500 752,1499 774,1501 793,1501 796,1498 877,1496 881,1499 892,1499 897,1496 996,1493 996,1450 968,1451 963,1447 955,1447 948,1451 923,1453 903,1452 896,1445 871,1445 860,1453 807,1449 800,1455 750,1449 738,1453 700,1456 694,1450 670,1451 666,1457 625,1459 615,1457 604,1449 554,1457 532,1452 526,1456 473,1460 413,1459 409,1456 395,1459 342,1460 337,1455 325,1457 319,1461 306,1459 262,1463 244,1455"/>
        <Baseline points="173,1495 996,1482"/>
        <Word id="region0001_line0023_word0000" custom="readingOrder {index:0;}">
          <Coords points="292,1464 196,1466 197,1507 197,1507 214,1507 218,1505 238,1504 293,1504"/>
          <TextEquiv conf="0.93125653">
            <Unicode>heiten</Unicode>
          </TextEquiv>
        </Word>
        <Word id="region0001_line0023_word0001" custom="readingOrder {index:1;}">
          <Coords points="306,1466 513,1462 514,1500 307,1504"/>
          <TextEquiv conf="0.9202406">
            <Unicode>vorzutragen;</Unicode>
          </TextEquiv>
        </Word>
        <Word id="region0001_line0023_word0002" custom="readingOrder {index:2;}">
          <Coords points="528,1460 557,1460 558,1500 529,1500"/>
          <TextEquiv conf="0.93123764">
            <Unicode>ſo</Unicode>
          </TextEquiv>
        </Word>
        <Word id="region0001_line0023_word0003" custom="readingOrder {index:3;}">
          <Coords points="571,1456 572,1501 663,1499 662,1457 625,1459 615,1457 612,1455"/>
          <TextEquiv conf="0.92868334">
            <Unicode>fuͤgen</Unicode>
          </TextEquiv>
        </Word>
        <Word id="region0001_line0023_word0004" custom="readingOrder {index:4;}">
          <Coords points="672,1458 708,1457 709,1497 673,1498"/>
          <TextEquiv conf="0.9304649">
            <Unicode>ſie</Unicode>
          </TextEquiv>
        </Word>
        <Word id="region0001_line0023_word0005" custom="readingOrder {index:5;}">
          <Coords points="723,1457 830,1455 831,1496 724,1498"/>
          <TextEquiv conf="0.9224402">
            <Unicode>allezeit</Unicode>
          </TextEquiv>
        </Word>
        <Word id="region0001_line0023_word0006" custom="readingOrder {index:6;}">
          <Coords points="845,1452 846,1496 941,1495 989,1493 988,1450 968,1451 967,1450 949,1451 948,1451 923,1453 903,1452 902,1451 862,1452 860,1453 846,1452"/>
          <TextEquiv conf="0.92828554">
            <Unicode>ruͤhrende</Unicode>
          </TextEquiv>
        </Word>
        <TextEquiv conf="0.9275155">
          <Unicode>heiten vorzutragen; ſo fuͤgen ſie allezeit ruͤhrende</Unicode>
        </TextEquiv>
      </TextLine>
      <TextLine id="region0001_line0024" custom="readingOrder {index:8;}">
        <Coords points="173,1507 173,1558 278,1555 284,1561 293,1561 299,1555 341,1553 369,1554 382,1562 390,1560 396,1553 586,1551 615,1552 631,1557 635,1556 639,1551 669,1550 696,1551 704,1556 718,1556 726,1551 757,1546 787,1553 793,1549 820,1548 825,1553 836,1553 844,1548 996,1545 996,1500 957,1495 897,1497 892,1500 879,1499 858,1505 813,1506 809,1499 796,1499 793,1502 773,1501 768,1505 754,1506 680,1509 641,1508 636,1502 612,1509 576,1509 553,1502 533,1506 506,1507 492,1503 486,1508 458,1510 361,1512 328,1512 321,1506 312,1506 304,1512 272,1512 234,1509 229,1506 207,1511 195,1507"/>
        <Baseline points="173,1547 996,1534"/>
        <Word id="region0001_line0024_word0000" custom="readingOrder {index:0;}">
          <Coords points="427,1513 197,1517 198,1557 224,1557 278,1555 279,1556 299,1555 299,1555 341,1553 369,1554 369,1554 396,1554 396,1553 428,1553"/>
          <TextEquiv conf="0.91825765">
            <Unicode>Anwendungen</Unicode>
          </TextEquiv>
        </Word>
        <Word id="region0001_line0024_word0001" custom="readingOrder {index:1;}">
          <Coords points="449,1513 510,1512 511,1544 450,1545"/>
          <TextEquiv conf="0.92940116">
            <Unicode>und</Unicode>
          </TextEquiv>
        </Word>
        <Word id="region0001_line0024_word0002" custom="readingOrder {index:2;}">
          <Coords points="525,1509 526,1551 749,1547 757,1546 758,1546 758,1505 754,1506 680,1509 641,1508 640,1507 617,1507 612,1509 576,1509 573,1508"/>
          <TextEquiv conf="0.9250238">
            <Unicode>Ermahnungen</Unicode>
          </TextEquiv>
        </Word>
        <Word id="region0001_line0024_word0003" custom="readingOrder {index:3;}">
          <Coords points="776,1505 777,1547 872,1546 871,1504 861,1504 858,1505 813,1506 812,1504"/>
          <TextEquiv conf="0.9248768">
            <Unicode>hinzu.</Unicode>
          </TextEquiv>
        </Word>
        <Word id="region0001_line0024_word0004" custom="readingOrder {index:4;}">
          <Coords points="922,1504 990,1503 991,1539 923,1540"/>
          <TextEquiv conf="0.9283718">
            <Unicode>Der</Unicode>
          </TextEquiv>
        </Word>
        <TextEquiv conf="0.9251863">
          <Unicode>Anwendungen und Ermahnungen hinzu. Der</Unicode>
        </TextEquiv>
      </TextLine>
      <TextLine id="region0001_line0025" custom="readingOrder {index:9;}">
        <Coords points="333,1554 326,1558 306,1556 301,1561 283,1563 257,1564 230,1557 173,1559 173,1608 242,1608 250,1613 263,1609 298,1606 305,1613 313,1613 320,1606 342,1610 348,1605 370,1604 428,1604 441,1607 475,1604 480,1609 490,1609 496,1604 520,1602 549,1602 559,1608 568,1608 579,1602 625,1601 652,1600 665,1606 674,1601 996,1595 996,1557 987,1557 985,1550 980,1547 965,1548 959,1554 930,1554 925,1550 912,1550 908,1554 890,1554 864,1552 860,1549 844,1549 836,1554 796,1556 757,1547 747,1551 743,1556 688,1559 676,1558 669,1551 642,1552 638,1557 631,1558 618,1555 586,1556 581,1552 562,1553 556,1557 534,1558 529,1553 519,1553 512,1559 459,1559 450,1554 438,1554 428,1559 423,1554 412,1554 402,1559 382,1563 369,1555 361,1555 356,1561 352,1561 341,1554"/>
        <Baseline points="173,1598 996,1585"/>
        <Word id="region0001_line0025_word0000" custom="readingOrder {index:0;}">
          <Coords points="393,1563 198,1567 199,1608 350,1604 370,1604 394,1604"/>
          <TextEquiv conf="0.9270498">
            <Unicode>Augenſchein</Unicode>
          </TextEquiv>
        </Word>
        <Word id="region0001_line0025_word0001" custom="readingOrder {index:1;}">
          <Coords points="409,1563 494,1562 495,1602 410,1603"/>
          <TextEquiv conf="0.92076683">
            <Unicode>lehrt,</Unicode>
          </TextEquiv>
        </Word>
        <Word id="region0001_line0025_word0002" custom="readingOrder {index:2;}">
          <Coords points="519,1561 579,1560 580,1599 520,1600"/>
          <TextEquiv conf="0.9313707">
            <Unicode>daß</Unicode>
          </TextEquiv>
        </Word>
        <Word id="region0001_line0025_word0003" custom="readingOrder {index:3;}">
          <Coords points="596,1563 630,1563 630,1594 596,1594"/>
          <TextEquiv conf="0.9324109">
            <Unicode>es</Unicode>
          </TextEquiv>
        </Word>
        <Word id="region0001_line0025_word0004" custom="readingOrder {index:4;}">
          <Coords points="644,1559 645,1599 731,1598 730,1558 699,1558 688,1559 682,1558"/>
          <TextEquiv conf="0.92973304">
            <Unicode>ihnen</Unicode>
          </TextEquiv>
        </Word>
        <Word id="region0001_line0025_word0005" custom="readingOrder {index:5;}">
          <Coords points="745,1555 745,1592 858,1590 858,1553 837,1553 836,1554 796,1556 788,1554"/>
          <TextEquiv conf="0.92800164">
            <Unicode>uͤberall</Unicode>
          </TextEquiv>
        </Word>
        <Word id="region0001_line0025_word0006" custom="readingOrder {index:6;}">
          <Coords points="872,1558 933,1557 933,1589 872,1590"/>
          <TextEquiv conf="0.92868036">
            <Unicode>und</Unicode>
          </TextEquiv>
        </Word>
        <Word id="region0001_line0025_word0007" custom="readingOrder {index:7;}">
          <Coords points="947,1554 947,1588 990,1588 990,1557 987,1557 986,1554 959,1554"/>
          <TextEquiv>
            <Unicode>al⸗</Unicode>
          </TextEquiv>
        </Word>
        <TextEquiv>
          <Unicode>Augenſchein lehrt, daß es ihnen uͤberall und al⸗</Unicode>
        </TextEquiv>
      </TextLine>
      <TextLine id="region0001_line0026" custom="readingOrder {index:10;}">
        <Coords points="206,1609 173,1610 172,1659 222,1659 228,1665 240,1665 246,1659 294,1656 474,1656 481,1661 493,1661 508,1655 544,1653 567,1655 573,1661 579,1661 590,1659 594,1654 641,1653 648,1658 656,1658 662,1653 764,1650 798,1655 802,1651 902,1648 951,1649 956,1654 963,1655 970,1649 995,1648 996,1631 996,1601 975,1603 969,1597 956,1598 944,1604 926,1606 886,1605 881,1600 873,1601 865,1606 786,1608 735,1606 682,1609 665,1607 652,1601 634,1607 594,1610 553,1610 548,1605 536,1605 530,1610 510,1612 486,1612 463,1605 419,1606 402,1610 397,1605 386,1606 381,1610 376,1607 365,1607 359,1612 337,1613 284,1614 273,1613 271,1610 258,1611 251,1615 226,1615 221,1609"/>
        <Baseline points="173,1649 996,1637"/>
        <Word id="region0001_line0026_word0000" custom="readingOrder {index:0;}">
          <Coords points="199,1617 282,1615 282,1656 199,1658"/>
          <TextEquiv conf="0.8200168">
            <Unicode>lezeit</Unicode>
          </TextEquiv>
        </Word>
        <Word id="region0001_line0026_word0001" custom="readingOrder {index:1;}">
          <Coords points="295,1624 346,1623 346,1647 295,1648"/>
          <TextEquiv conf="0.9156977">
            <Unicode>um</Unicode>
          </TextEquiv>
        </Word>
        <Word id="region0001_line0026_word0002" custom="readingOrder {index:2;}">
          <Coords points="366,1615 411,1614 411,1647 366,1648"/>
          <TextEquiv conf="0.9283437">
            <Unicode>die</Unicode>
          </TextEquiv>
        </Word>
        <Word id="region0001_line0026_word0003" custom="readingOrder {index:3;}">
          <Coords points="555,1653 555,1612 432,1614 432,1655 539,1653 544,1653 545,1653"/>
          <TextEquiv conf="0.9283437">
            <Unicode>Tugend</Unicode>
          </TextEquiv>
        </Word>
        <Word id="region0001_line0026_word0004" custom="readingOrder {index:4;}">
          <Coords points="576,1618 611,1618 611,1652 576,1652"/>
          <TextEquiv conf="0.9323308">
            <Unicode>zu</Unicode>
          </TextEquiv>
        </Word>
        <Word id="region0001_line0026_word0005" custom="readingOrder {index:5;}">
          <Coords points="632,1609 632,1650 707,1648 707,1607 682,1609 672,1607"/>
          <TextEquiv conf="0.9300854">
            <Unicode>thun</Unicode>
          </TextEquiv>
        </Word>
        <Word id="region0001_line0026_word0006" custom="readingOrder {index:6;}">
          <Coords points="726,1614 801,1613 801,1645 726,1646"/>
          <TextEquiv conf="0.9219995">
            <Unicode>war,</Unicode>
          </TextEquiv>
        </Word>
        <Word id="region0001_line0026_word0007" custom="readingOrder {index:7;}">
          <Coords points="827,1608 889,1607 889,1638 827,1639"/>
          <TextEquiv conf="0.9253941">
            <Unicode>und</Unicode>
          </TextEquiv>
        </Word>
        <Word id="region0001_line0026_word0008" custom="readingOrder {index:8;}">
          <Coords points="913,1606 913,1647 991,1646 991,1605 927,1605 926,1606 921,1605"/>
          <TextEquiv conf="0.9271281">
            <Unicode>recht</Unicode>
          </TextEquiv>
        </Word>
        <TextEquiv conf="0.9143711">
          <Unicode>lezeit um die Tugend zu thun war, und recht</Unicode>
        </TextEquiv>
      </TextLine>
      <TextLine id="region0001_line0027" custom="readingOrder {index:11;}">
        <Coords points="390,1656 340,1664 299,1665 294,1658 280,1658 272,1666 209,1666 173,1669 172,1708 229,1707 261,1713 267,1709 285,1707 298,1709 305,1714 320,1714 327,1709 349,1707 438,1706 451,1712 460,1707 500,1706 507,1713 516,1712 524,1706 587,1703 958,1699 961,1702 979,1702 982,1698 994,1698 996,1690 996,1657 985,1650 970,1650 961,1657 881,1657 873,1650 864,1650 857,1658 767,1657 758,1653 735,1656 723,1653 667,1656 647,1660 591,1659 579,1662 527,1661 522,1655 508,1656 493,1662 457,1663 431,1662 422,1656 411,1656 402,1661 397,1656"/>
        <Baseline points="172,1699 996,1686"/>
        <Word id="region0001_line0027_word0000" custom="readingOrder {index:0;}">
          <Coords points="273,1665 272,1666 209,1666 202,1667 202,1707 229,1707 232,1707 427,1704 427,1662 343,1663 340,1664 299,1665 298,1664"/>
          <TextEquiv conf="0.92460823">
            <Unicode>angelegentlich</Unicode>
          </TextEquiv>
        </Word>
        <Word id="region0001_line0027_word0001" custom="readingOrder {index:1;}">
          <Coords points="496,1660 493,1662 461,1662 461,1706 496,1706"/>
          <TextEquiv conf="0.9248747">
            <Unicode>zu</Unicode>
          </TextEquiv>
        </Word>
        <Word id="region0001_line0027_word0002" custom="readingOrder {index:2;}">
          <Coords points="493,1662 493,1703 566,1702 566,1661 543,1661"/>
          <TextEquiv conf="0.9216598">
            <Unicode>thun</Unicode>
          </TextEquiv>
        </Word>
        <Word id="region0001_line0027_word0003" custom="readingOrder {index:3;}">
          <Coords points="582,1666 655,1665 655,1693 582,1694"/>
          <TextEquiv conf="0.92523247">
            <Unicode>war.</Unicode>
          </TextEquiv>
        </Word>
        <Word id="region0001_line0027_word0004" custom="readingOrder {index:4;}">
          <Coords points="703,1660 766,1659 766,1692 703,1693"/>
          <TextEquiv conf="0.92410177">
            <Unicode>Und</Unicode>
          </TextEquiv>
        </Word>
        <Word id="region0001_line0027_word0005" custom="readingOrder {index:5;}">
          <Coords points="784,1666 835,1665 835,1691 784,1692"/>
          <TextEquiv conf="0.9269087">
            <Unicode>um</Unicode>
          </TextEquiv>
        </Word>
        <Word id="region0001_line0027_word0006" custom="readingOrder {index:6;}">
          <Coords points="858,1657 857,1658 850,1658 850,1690 909,1689 909,1657 881,1657 880,1656"/>
          <TextEquiv conf="0.9230549">
            <Unicode>eine</Unicode>
          </TextEquiv>
        </Word>
        <Word id="region0001_line0027_word0007" custom="readingOrder {index:7;}">
          <Coords points="925,1696 992,1695 992,1655 963,1655 961,1657 925,1657"/>
          <TextEquiv>
            <Unicode>auf⸗</Unicode>
          </TextEquiv>
        </Word>
        <TextEquiv>
          <Unicode>angelegentlich zu thun war. Und um eine auf⸗</Unicode>
        </TextEquiv>
      </TextLine>
      <TextLine id="region0001_line0028" custom="readingOrder {index:12;}">
        <Coords points="219,1708 212,1716 172,1716 172,1759 231,1761 238,1762 244,1768 257,1768 262,1764 300,1767 307,1763 364,1759 401,1760 409,1767 417,1767 424,1760 480,1759 493,1760 501,1767 514,1767 524,1760 577,1756 602,1756 617,1760 630,1757 685,1754 710,1756 881,1753 929,1752 971,1746 996,1746 995,1705 983,1707 978,1703 960,1702 957,1705 952,1701 943,1701 936,1706 867,1710 800,1709 793,1708 788,1702 716,1704 692,1709 676,1709 671,1705 661,1705 649,1711 613,1713 593,1706 558,1706 539,1707 520,1714 507,1715 500,1707 489,1707 484,1711 470,1709 464,1714 438,1707 389,1708 345,1715 295,1716 285,1708 273,1710 262,1715 254,1711 239,1710 235,1713 229,1708"/>
        <Baseline points="172,1750 504,1751 996,1737"/>
        <Word id="region0001_line0028_word0000" custom="readingOrder {index:0;}">
          <Coords points="329,1760 328,1716 202,1718 202,1760 231,1761 234,1761"/>
          <TextEquiv conf="0.9302295">
            <Unicode>richtige</Unicode>
          </TextEquiv>
        </Word>
        <Word id="region0001_line0028_word0001" custom="readingOrder {index:1;}">
          <Coords points="352,1714 346,1715 347,1760 364,1759 401,1760 401,1760 536,1758 535,1711 528,1711 520,1714 507,1715 504,1711 466,1712 464,1714 457,1712"/>
          <TextEquiv conf="0.92860293">
            <Unicode>vollſtaͤndige</Unicode>
          </TextEquiv>
        </Word>
        <Word id="region0001_line0028_word0002" custom="readingOrder {index:2;}">
          <Coords points="556,1714 690,1712 691,1752 557,1754"/>
          <TextEquiv conf="0.9290145">
            <Unicode>Tugend.</Unicode>
          </TextEquiv>
        </Word>
        <Word id="region0001_line0028_word0003" custom="readingOrder {index:3;}">
          <Coords points="739,1711 802,1710 803,1746 740,1747"/>
          <TextEquiv conf="0.93122864">
            <Unicode>Sie</Unicode>
          </TextEquiv>
        </Word>
        <Word id="region0001_line0028_word0004" custom="readingOrder {index:4;}">
          <Coords points="821,1716 922,1715 922,1745 821,1746"/>
          <TextEquiv conf="0.92746544">
            <Unicode>waren</Unicode>
          </TextEquiv>
        </Word>
        <Word id="region0001_line0028_word0005" custom="readingOrder {index:5;}">
          <Coords points="943,1708 991,1708 992,1740 944,1740"/>
          <TextEquiv conf="0.9296733">
            <Unicode>die</Unicode>
          </TextEquiv>
        </Word>
        <TextEquiv conf="0.92936903">
          <Unicode>richtige vollſtaͤndige Tugend. Sie waren die</Unicode>
        </TextEquiv>
      </TextLine>
      <TextEquiv>
        <Unicode>Und der Charakter der Verfaſſer! Keiner
ſchrieb, um ſeine Einſichten in goͤttlichen Din⸗
gen zu zeigen, oder blos ein Religionsſyſtem
aufzufuͤhren. Alle predigen in ihren Schriften
die Gottesfurcht und Menſchenliebe: und ſchrei⸗
ben blos, um ſolche zu predigen. Auch wenn
ſie ſich veranlaßt befunden hatten, Lehrwahr⸗
heiten vorzutragen; ſo fuͤgen ſie allezeit ruͤhrende
Anwendungen und Ermahnungen hinzu. Der
Augenſchein lehrt, daß es ihnen uͤberall und al⸗
lezeit um die Tugend zu thun war, und recht
angelegentlich zu thun war. Und um eine auf⸗
richtige vollſtaͤndige Tugend. Sie waren die</Unicode>
      </TextEquiv>
    </TextRegion>
  </Page>
</PcGts>
