1311 1888
378 156 438 215 8

666 160 758 211 Das
758 160 804 211 I.
804 160 924 211 Buch

392 261 511 304 Berg,
539 257 662 305 darauf
684 268 716 293 er
732 266 805 303 zum
824 258 921 299 erſten
939 254 1109 304 gewohnet
1132 254 1201 303 hat,

393 310 461 357 hieß
481 303 581 356 Zrzip,
599 309 666 352 ietzo
677 295 975 358 Georgenberg,
989 305 1136 352 zwiſchen
1148 311 1202 342 der

396 366 495 408 Elbe,
504 365 593 412 Eger
604 369 670 402 und
682 364 843 404 Mulda;
852 367 920 399 und
930 369 991 400 das
1003 363 1075 407 erſte
1085 362 1202 410 Dorff,

399 420 463 453 das
475 424 507 451 er
522 412 660 461 gebauet
679 411 748 460 hat,
764 414 800 462 iſt
818 403 1032 447 KLENEC
1044 415 1204 459 genennet

400 468 544 503 worden.

598 517 1014 556 INTERREGNUM

708 563 740 594 in
756 560 900 598 Boͤhmen

517 614 575 640 von
592 608 662 637 661.
675 604 718 639 bis
731 608 804 644 670.
815 600 932 643 waͤhret
948 614 976 642 9.
988 601 1080 644 Jahr.

464 651 610 688 Czechus
627 648 718 697 hatte
733 649 816 686 keine
831 647 942 688 Erben
965 645 1135 694 gelaſſen,
1124 648 1210 689 und

405 700 468 746 ſein
479 699 617 739 Bruder
627 698 751 735 Lechus
760 697 857 735 wolte
867 696 969 740 nichts
979 686 1043 745 mit
1063 688 1210 746 Boͤhmen

403 762 444 798 zu
460 752 543 799 thun
559 751 683 799 haben:
709 752 786 802 Alſo
806 761 868 790 war
890 755 951 789 das
967 749 1050 791 Land
1073 759 1104 796 9.
1113 747 1210 798 Jahr

403 805 488 848 ohne
504 806 651 848 Fuͤrſten.

711 860 935 897 CROCUS

655 900 784 943 Hertzog
796 902 827 935 in
840 899 1020 940 Boͤhmen

515 942 571 963 von
589 937 656 968 670.
667 938 715 962 bis
730 936 806 969 709.
820 938 942 969 regieret
959 943 1004 979 39.
1015 925 1109 968 Jahr.

465 987 513 1027 Er
525 997 595 1024 war
604 987 654 1023 ein
665 985 773 1032 kluger
807 980 921 1035 Mann,
921 988 965 1029 der
992 985 1049 1031 ſich
1057 982 1145 1031 wohl
1153 981 1218 1031 auf

402 1034 460 1071 die
474 1031 636 1082 Hexerey
646 1033 811 1080 verſtund,
827 1025 998 1079 deswegen
1005 1021 1213 1071 ward
1103 1027 1138 1079 er
1156 1030 1213 1070 von

405 1091 480 1122 dem
501 1086 620 1124 Volcke
641 1083 802 1131 erwehlet.
854 1074 905 1122 Er
917 1083 978 1134 hat
994 1074 1063 1124 das
1079 1075 1220 1128 Schloß

408 1130 582 1179 PSARY
582 1129 730 1180 erbauet,
748 1126 1220 1184 welches
886 1123 982 1184 ietzo
998 1122 1217 1187 WISCHE-

409 1184 518 1221 RAD
538 1191 654 1241 heiſſet,
670 1195 737 1229 und
750 1190 782 1228 in
791 1188 907 1238 Prage
919 1186 1067 1236 ſtehet.

677 1258 948 1293 LIBUSSA

630 1297 787 1340 Hertzogin
808 1299 841 1331 in
852 1297 998 1337 Boͤhmen

511 1352 570 1381 von
586 1356 645 1385 710
670 1339 718 1379 bis
735 1357 804 1383 734.
821 1341 943 1383 regieret
960 1337 1009 1381 24.
1024 1341 1118 1386 Jahr,

686 1393 747 1419 und
755 1389 801 1424 ihr
809 1386 942 1423 Gemahl

615 1432 1028 1469 PREMISLAUS

654 1477 781 1517 Hertzog
795 1479 826 1511 in
839 1477 986 1517 Boͤhmen

519 1528 577 1555 von
593 1530 662 1560 722.
681 1520 728 1553 bis
747 1511 812 1558 745.
829 1518 948 1559 regieret
960 1529 1008 1556 23.
1018 1515 1110 1560 Jahr.

462 1566 601 1618 Hertzog
616 1570 740 1605 Crocus
764 1568 826 1617 ließ
850 1572 925 1616 drey
943 1567 1100 1613 Toͤchter,
1129 1568 1216 1604 KA-

1054 1624 1218 1659 SCHA,
