1585 2255
615 333 654 376 in
661 332 880 388 Meynungen
889 338 955 389 ſeye
964 344 1018 385 als
1030 343 1197 398 ehemahls
1205 357 1302 397 unter
1308 355 1371 398 den
1378 356 1469 405 Hey⸗

614 389 678 429 den
688 389 849 440 geweſen;
871 395 939 437 und
948 390 1015 446 daß
1022 398 1108 450 alſo,
1131 409 1229 446 wenn
1239 408 1288 449 die
1295 408 1466 458 Verſchie⸗

614 435 743 483 denheit
757 441 812 480 der
819 440 1039 494 Meynungen
1056 454 1150 491 unter
1168 450 1267 503 dieſen
1288 458 1339 499 ein
1362 455 1466 508 richti⸗

610 501 669 540 ger
675 490 824 545 Beweiß
839 508 906 541 von
921 501 976 542 der
985 501 1207 554 Ungewißheit
1221 511 1279 560 iſt,
1306 515 1464 557 darinnen

609 542 650 592 ſie
667 540 799 592 lebten,
831 547 898 589 eine
918 548 996 592 eben
1012 551 1045 599 ſo
1059 555 1161 606 groſſe
1182 555 1480 615 Verſchiedenheit

606 594 704 645 unter
716 600 772 640 den
782 599 949 654 Chriſten,
974 608 1056 652 nach
1070 612 1148 653 aller
1157 611 1371 668 Vernunfft,
1396 621 1462 661 eine

605 645 685 689 eben
694 647 725 695 ſo
731 649 831 700 groſſe
839 650 1060 704 Ungewißheit
1068 660 1151 706 nach
1157 661 1218 711 ſich
1229 664 1330 713 ziehen
1341 665 1458 718 muͤſſe:

602 689 821 753 Jngleichen,
847 713 947 745 wenn
963 717 1046 749 man
1063 711 1161 760 gleich
1168 716 1234 758 das
1249 716 1397 767 Anſehen
1404 724 1459 765 der

601 744 762 802 Schrifft
784 754 963 808 zugeſtehe;
996 762 1029 807 ſo
1047 765 1097 811 ſey
1113 768 1190 811 doch
1207 773 1257 813 die
1273 772 1381 818 Welt
1403 779 1457 818 der

600 797 936 857 Uebereinſtimmung
964 810 999 851 in
1031 814 1094 854 den
1124 811 1485 870 Glaubensartickeln

600 847 686 896 nicht
695 845 793 898 naͤher
804 852 952 898 kommen
961 856 1022 898 wie
1031 864 1096 902 aus
1104 862 1158 903 der
1158 852 1367 920 unendlichen
1378 873 1454 918 An⸗

596 904 668 956 zahl
684 908 738 949 der
749 907 986 962 Auslegungen
1003 919 1080 961 eben
1093 920 1186 966 dieſer
1195 922 1365 978 Schrifft,
1379 929 1450 974 und

594 954 681 1006 auch
687 958 816 1004 daraus
823 964 952 1016 erhelle,
975 969 1041 1019 daß
1051 974 1113 1015 alle
1129 973 1268 1022 Secten
1285 980 1341 1024 der
1348 981 1450 1031 Chri⸗

593 1008 728 1062 ſtenheit
736 1013 802 1059 auf
805 1016 883 1057 eben
899 1018 978 1066 dieſe
989 1012 1131 1071 heiligen
1145 1017 1254 1073 Buͤcher
1267 1032 1329 1080 ſich
1338 1030 1448 1080 beruf⸗

593 1061 673 1110 fen:
699 1063 783 1109 Der
797 1066 900 1112 Weg
918 1071 977 1110 des
996 1071 1179 1119 Glaubens
1187 1079 1304 1128 ſcheine
1311 1083 1379 1134 alſo
1385 1086 1447 1129 kei⸗

589 1115 655 1149 nen
663 1106 694 1155 ſo
702 1109 825 1158 groſſen
832 1113 979 1161 Vorzug
989 1127 1049 1159 vor
1056 1121 1111 1161 der
1117 1120 1313 1178 Vernunfft
1327 1129 1362 1171 in
1367 1122 1479 1177 An⸗

588 1160 709 1215 ſehung
716 1164 772 1205 der
784 1163 1010 1219 Gewißheit
1026 1171 1198 1223 zuhaben:

691 1228 762 1277 So
776 1235 942 1279 antworte
956 1235 1004 1287 ich
1019 1236 1173 1294 hierauf,
1196 1241 1263 1288 daß
1279 1256 1363 1291 man
1377 1246 1445 1301 auf

585 1278 638 1323 die
660 1274 819 1336 Regiſter
831 1286 901 1328 der
911 1288 1148 1345 Ketzereyen,
1169 1296 1222 1340 die
1235 1286 1304 1344 uns
1310 1302 1360 1345 die
1373 1302 1438 1348 Al⸗

581 1340 641 1377 ten
673 1332 876 1390 hinterlaſſen
909 1342 1034 1392 haben,
1063 1346 1150 1396 nicht
1187 1353 1252 1396 viel
1286 1352 1435 1408 zubauen

581 1386 680 1436 habe.
694 1388 749 1440 (*)
756 1389 908 1438 Manche
903 1389 1021 1444 dieſer
1033 1394 1223 1447 Ketzereyen
1236 1413 1352 1450 waren
1362 1417 1431 1453 von

578 1436 743 1490 ſchlechter
752 1440 981 1494 Erheblichkeit
997 1450 1066 1492 und
1080 1454 1128 1492 die
1143 1453 1352 1505 Scribenten
1369 1461 1432 1510 ha⸗

579 1488 642 1528 ben
664 1489 899 1543 angemercket,
922 1493 989 1544 daß
1013 1499 1078 1542 das
1093 1499 1210 1547 Volck
1221 1504 1289 1556 ſehr
1299 1498 1434 1558 geneigt

576 1538 737 1592 geweſen,
764 1544 829 1588 eine
847 1537 924 1594 jede
911 1547 1108 1603 Meynung,
1134 1556 1185 1599 die
1196 1567 1263 1602 von
1286 1561 1342 1606 der
1351 1559 1433 1614 Jh⸗

573 1592 666 1635 rigen
673 1601 737 1635 nur
746 1593 779 1634 in
788 1601 896 1639 etwas
913 1598 1087 1654 abgienge,
1111 1601 1168 1655 mit
1184 1609 1240 1651 den
1248 1611 1443 1665 verhaßten

572 1635 743 1697 Nahmen
749 1649 805 1692 der
812 1650 985 1702 Ketzerey
989 1654 1169 1706 zubelegen.
1202 1661 1330 1706 Wenn
1337 1665 1422 1706 auch

1368 1723 1422 1761 die

596 1774 662 1822 (*)
669 1774 732 1826 Wie
739 1781 937 1827 inſonderheit
945 1787 993 1829 von
998 1790 1050 1824 den
1066 1787 1215 1836 Regiſtern
1228 1797 1280 1832 des
1295 1797 1419 1841 heiligen

670 1825 880 1869 Ephiphanius
891 1827 943 1871 und
958 1835 1125 1878 Philaſtrius
1143 1839 1224 1881 wahr
1232 1842 1283 1888 iſt;
1302 1846 1357 1885 wie
1371 1848 1418 1886 die

669 1867 825 1916 Gelehrten
838 1870 915 1918 ſchon
924 1869 1047 1921 laͤngſten
1056 1873 1207 1927 gewieſen.
