1925 2741
657 535 833 588 raͤthlichen
854 539 964 587 Kreiſe
985 550 1027 578 an
1053 542 1108 578 der
1136 540 1293 587 Weichſel
1317 540 1380 580 mit
1401 540 1487 579 einer
1510 536 1646 591 Faͤhre

655 590 816 639 daruͤber,
843 602 884 629 an
900 593 1003 629 einem
1021 593 1172 638 moraſtig
1191 594 1356 641 niedrigen
1371 591 1456 638 Ort,
1496 595 1533 641 iſt
1552 604 1617 631 von

656 649 783 705 Poſen
815 666 884 698 17,
923 665 984 691 von
1012 650 1229 704 Radziejow
1250 664 1295 699 4,
1338 665 1400 693 von
1423 652 1556 703 Thorn
1576 665 1618 700 4,

656 722 718 750 von
735 707 965 761 Wrozlawek
989 718 1053 751 und
1070 708 1215 763 Brzesc
1241 729 1282 755 3,
1326 722 1389 750 von
1408 710 1618 762 Sluszewo

661 778 682 804 2
708 771 771 803 und
796 781 856 806 von
883 764 1111 819 Radzionzek
1140 783 1154 806 1
1175 769 1286 809 Meile
1309 768 1457 816 entfernt.
1543 771 1619 810 Die

655 823 851 872 oͤffentlichen
884 824 1042 864 Gebaͤude
1073 825 1214 874 beſtehen
1254 826 1310 864 in:
1347 829 1366 875 1
1408 826 1615 875 katholiſchen

653 881 856 930 Pfarrkirche
889 884 950 920 mit
975 882 1077 920 einem
1103 883 1264 930 Prediger
1286 884 1351 920 und
1385 884 1488 921 einem
1513 882 1615 921 Com⸗

653 941 861 986 mendarius,
903 952 917 975 1
941 939 1173 987 Franziskaner
1188 941 1318 990 Kloſter
1331 946 1397 981 und
1414 942 1532 985 Kirche
1551 944 1614 982 mit

660 1010 707 1037 10
726 996 911 1041 Moͤnchen,
946 1010 961 1034 1
977 998 1245 1045 Hoſpitalkirche,
1271 999 1341 1036 eine
1351 997 1485 1046 Kapelle
1521 1003 1547 1036 M.
1558 1001 1614 1040 M.

652 1060 720 1095 und
744 1055 773 1102 1
773 1055 981 1106 Rathhaus,
1017 1058 1092 1102 auch
1108 1058 1147 1104 iſt
1160 1059 1234 1105 noch
1264 1071 1271 1094 1
1294 1058 1468 1107 Koͤniglich
1484 1057 1615 1105 Haupt⸗

653 1111 798 1160 Zollamt
814 1117 868 1151 da.
926 1111 1134 1159 Feuerſtellen
1149 1112 1239 1159 giebt
1272 1116 1309 1165 es
1305 1115 1379 1160 96,
1407 1108 1519 1166 wuͤſte
1540 1116 1616 1154 Bau⸗

654 1173 761 1220 ſtellen
780 1185 828 1217 32
846 1175 911 1210 und
941 1177 982 1217 13
1003 1172 1193 1219 Scheunen.
1250 1173 1323 1214 Die
1343 1170 1615 1223 Seelen⸗Anzahl

651 1223 731 1265 aber
746 1223 872 1273 betraͤgt
892 1231 983 1271 458.

758 1319 838 1365 Bey
862 1320 916 1357 der
939 1319 986 1356 im
1006 1315 1100 1365 Jahr
1129 1328 1233 1361 1794
1258 1316 1528 1366 ausgebrochenen
1543 1317 1616 1366 Jn⸗

654 1367 828 1416 ſurrection
847 1369 978 1416 mußten
994 1374 1048 1407 der
1062 1369 1244 1416 Magiſtrat
1260 1373 1325 1408 und
1348 1373 1398 1409 die
1415 1368 1615 1418 Einwohner

654 1427 712 1464 der
727 1423 839 1466 Stadt
865 1427 967 1465 einem
985 1425 1097 1471 Trupp
1120 1424 1310 1470 bewafneter
1328 1426 1512 1471 Landleute,
1550 1434 1615 1462 von

661 1494 767 1522 2000
784 1486 898 1527 Mann
917 1485 1098 1525 Cavallerie
1114 1487 1180 1524 und
1202 1485 1327 1532 einigen
1346 1486 1482 1535 hundert
1498 1486 1615 1526 Mann

654 1538 846 1587 Jnfanterie
869 1542 903 1580 in
929 1544 1050 1590 daſiger
1065 1542 1226 1591 Gegend,
1262 1544 1322 1581 den
1347 1543 1422 1591 Eyd
1439 1548 1494 1584 der
1509 1542 1615 1586 Treue

652 1592 716 1641 auf
727 1595 780 1634 die
794 1593 1011 1641 Conſtitution
1025 1603 1088 1632 von
1106 1602 1210 1642 1791
1233 1591 1401 1641 ſchwoͤren.

759 1698 801 1743 4)
825 1695 1043 1747 Podgurze,
1079 1699 1131 1736 ein
1150 1698 1268 1736 kleines
1292 1699 1410 1745 offenes
1426 1697 1614 1747 Staͤdtchen

643 1748 703 1788 im
717 1748 942 1796 Radziejower
958 1744 1211 1798 Landraͤthlichen
1227 1749 1359 1803 Kreiſe,
1387 1749 1499 1798 Thorn
1514 1758 1613 1796 gegen

655 1803 753 1849 uͤber,
781 1805 841 1849 auf
853 1809 924 1843 dem
938 1805 1158 1851 anſteigenden
1174 1805 1252 1854 Ufer
1265 1812 1321 1844 der
1336 1807 1511 1851 Weichſel;
1548 1816 1613 1844 von

654 1866 788 1914 ſelbiger
808 1867 853 1915 ¼,
891 1878 953 1905 von
964 1863 1092 1919 Poſen
1116 1871 1185 1914 16,
1218 1879 1281 1907 von
1296 1863 1525 1920 Wrozlawek
1548 1868 1614 1916 5½,

653 1932 719 1959 von
744 1918 982 1972 Radziejewo
1001 1907 1074 1966 6½,
1108 1932 1172 1960 von
1185 1918 1319 1970 Thorn
1336 1921 1386 1971 ⅜,
1423 1933 1486 1960 von
1504 1920 1614 1964 Rad⸗

652 1973 809 2029 zionczek
828 1985 892 2018 und
919 1977 1126 2029 Sluszewo
1144 1991 1162 2022 3
1191 1983 1255 2017 und
1277 1991 1339 2019 von
1360 1978 1566 2029 Nieszawa
1583 1989 1607 2023 4

651 2036 785 2078 Meilen
803 2035 951 2083 entfernt.
1010 2035 1082 2076 Sie
1098 2026 1240 2086 enthaͤlt:
1275 2050 1300 2073 1
1300 2050 1485 2074 katholiſche
1505 2038 1612 2086 Pfarr⸗

651 2088 751 2137 kirche
767 2093 829 2132 mit
848 2087 882 2138 1
882 2084 1083 2140 Geiſtlichen
1115 2080 1175 2143 und
1195 2106 1201 2129 1
1224 2090 1611 2139 Reformaten ⸗ Kloſter,

651 2151 820 2189 worinnen
840 2154 886 2187 16
898 2151 1039 2196 Moͤnche
1057 2152 1122 2189 und
1141 2162 1158 2198 5
1177 2150 1384 2191 Laienbruͤder
1394 2149 1487 2203 ſind,
1516 2155 1611 2189 deren

652 2208 770 2258 Kirche
787 2208 843 2261 ſich
861 2208 955 2256 durch
971 2208 1040 2261 ihre
1056 2209 1248 2259 ſchmuckloſe
1263 2210 1395 2263 Einfalt
1415 2211 1463 2251 im
1476 2208 1612 2257 Jnnern
