1848 2597
656 335 739 382 420

652 397 725 440 Die
735 394 820 447 Ruß
830 393 934 435 komm
941 394 1005 434 aus
1015 392 1177 442 Aproche
1185 404 1227 433 an
1237 388 1333 440 Auße
1340 391 1454 433 Werck
1463 387 1602 443 ſpaßier,

650 457 728 499 Und
737 456 796 506 thu
804 460 864 495 mit
886 456 986 500 Stadt
1004 447 1113 506 Soldat
1135 459 1195 495 wie
1202 456 1263 493 mit
1271 450 1326 492 kut
1333 452 1465 501 Freund
1475 453 1587 503 parlir.

652 521 768 571 Allehn
779 522 819 559 ick
829 521 888 559 kan
899 523 948 559 nit
965 517 1034 564 wiß,
1051 521 1089 559 ob
1100 521 1169 560 Sie
1177 520 1229 569 ſick
1238 516 1297 565 thu
1306 517 1438 566 verſteh,

651 585 734 635 Szu
743 585 887 634 wenigkſt
896 581 968 627 Sie
977 583 1042 633 ahn
1050 585 1119 623 dock
1127 581 1285 633 ehnander
1294 581 1432 632 ankeſeh.

653 643 711 687 Es
721 643 829 684 komm
829 643 907 683 reckt
916 643 1033 693 fremde
1042 648 1116 688 vor,
1122 639 1193 679 weil
1203 648 1278 678 man
1288 638 1346 690 oͤhr
1355 643 1404 678 nit
1416 638 1504 689 mehr
1515 636 1621 689 ſchieß,

652 706 751 748 Man
759 705 824 746 bild
840 705 893 754 ſick
901 707 964 749 ein,
973 702 1038 753 daß
1047 713 1122 742 man
1132 703 1218 754 ſchon
1227 704 1261 739 in
1271 701 1319 739 die
1326 698 1479 753 Jhmmel
1487 698 1535 749 iß.

653 778 679 807 2
689 766 864 820 Preußiſch
873 764 1036 818 Abkeſand
1049 764 1120 809 Sie
1128 768 1212 805 werd
1221 767 1254 802 in
1264 761 1379 807 Stadt
1389 762 1501 814 pasſir,

655 829 732 870 Die
748 828 812 868 ahn
830 825 892 865 viel
908 824 1068 875 allerahnd
1083 829 1144 866 mit
1154 821 1282 872 Koͤnigk
1297 825 1475 864 diſcourir,

653 892 749 933 Dock
758 879 798 929 all
807 893 867 928 das
877 887 957 937 ehlff
961 889 1015 927 kar
1031 883 1110 938 nicks
1127 890 1174 926 die
1180 897 1252 926 arm
1260 886 1443 929 unkluͤcklick
1455 884 1584 932 Stadt,

650 954 769 1006 Allehn
778 950 851 994 Sie
858 962 928 993 war
936 950 1024 1003 ſelbſt
1033 951 1171 1000 Schuld
1183 948 1254 993 Sie
1260 951 1354 1002 nehm
1360 943 1394 994 an
1381 947 1487 1000 kehn
1497 947 1552 988 kut
1560 948 1671 1002 Rath.

653 1015 734 1055 Wie
743 1015 791 1052 die
798 1011 937 1058 Termin
952 1005 987 1062 iß
991 1010 1056 1049 aus
1071 1019 1148 1047 man
1158 1007 1216 1057 thu
1222 1001 1276 1054 nit
1287 1007 1455 1051 accordir,

654 1079 729 1120 Die
739 1074 824 1124 Ruß
833 1072 929 1124 fangk
935 1074 1048 1112 wieder
1056 1083 1097 1111 an
1108 1070 1154 1122 ßu
1164 1069 1258 1123 ſchieß
1268 1073 1333 1110 und
1346 1069 1556 1114 bombardir,

657 1137 821 1179 Vielleickt
830 1135 891 1182 daß
901 1136 953 1182 ſick
962 1138 1010 1174 die
1018 1132 1133 1174 Stadt
1142 1131 1215 1182 aͤhtt
1224 1131 1355 1173 dasmal
1365 1130 1546 1174 ſubmittir,

656 1195 772 1234 Wenn
778 1191 850 1229 waͤr
859 1195 921 1228 mit
928 1192 988 1238 ehn
996 1189 1071 1238 ahlb
1080 1190 1202 1237 Schiff
1206 1201 1270 1227 von
1278 1191 1424 1235 Franços
1431 1189 1564 1227 arrivir.

659 1250 768 1294 Denn
778 1252 811 1288 in
821 1253 869 1290 die
877 1248 993 1292 Stadt
1007 1249 1044 1288 es
1051 1250 1135 1286 werd
1145 1250 1193 1286 die
1200 1243 1302 1294 Luͤgen
1312 1246 1401 1285 kleick
1410 1244 1535 1295 erßehl,

657 1315 714 1359 Es
724 1312 793 1356 waͤr
803 1319 903 1355 6000
910 1311 1040 1362 Mann,
1055 1314 1120 1352 und
1130 1309 1195 1362 thu
1195 1309 1272 1362 kehn
1283 1309 1415 1362 ehnßigk
1424 1310 1503 1362 fehl.

651 1374 672 1432 O
700 1379 787 1419 denck
795 1380 841 1416 die
850 1374 923 1417 Leut
931 1381 963 1417 in
975 1372 1103 1422 Stadt,
1121 1385 1166 1414 nu
1176 1378 1210 1415 es
1219 1372 1278 1425 aht
1286 1372 1379 1427 kehne
1388 1372 1504 1424 Noth,

655 1440 733 1484 Die
743 1439 829 1488 Ruß
839 1439 908 1488 ſeyn
918 1438 1001 1487 ſchon
1011 1436 1040 1487 ſo
1052 1436 1122 1482 kut,
1138 1440 1204 1475 und
1212 1435 1267 1485 laß
1278 1436 1329 1484 ſick
1337 1447 1382 1474 nu
1392 1434 1508 1486 ſchlagk
1518 1436 1586 1477 tod.

656 1501 738 1552 Ehn
749 1499 933 1538 Deſerteur
941 1508 1005 1538 von
1014 1497 1099 1548 Ruß
1107 1509 1140 1537 er
1148 1496 1218 1549 ahlt
1228 1499 1276 1537 die
1288 1496 1402 1541 Stadt
1411 1508 1468 1537 vor
1477 1494 1593 1541 Narr,

657 1561 712 1603 Er
720 1562 837 1613 ſpreck:
853 1563 901 1600 die
911 1557 1027 1605 Stadt
1035 1561 1119 1598 werd
1128 1558 1193 1608 ahn
1204 1555 1277 1606 euth
1287 1557 1363 1608 ehne
1372 1557 1447 1608 kroß
1456 1554 1615 1606 Kefahr.

657 1621 739 1667 Szu
749 1617 861 1661 Nackt
871 1622 918 1658 die
950 1619 1009 1668 Ruß
1020 1609 1097 1662 Sie
1105 1620 1188 1657 werd
1198 1626 1241 1656 an
1254 1627 1272 1664 3
1282 1611 1371 1665 Orth
1381 1617 1516 1661 ſturmen
1526 1612 1623 1664 lauff,

657 1683 740 1732 Poß
749 1682 829 1731 tauß
836 1682 899 1721 alls
906 1682 1002 1732 nehm
1008 1678 1161 1731 Kewehr,
1177 1682 1242 1719 und
1251 1678 1322 1731 ßieh
1330 1678 1383 1730 uff
1386 1678 1479 1720 Wall
1486 1677 1623 1730 hinauf,

659 1742 755 1784 Dock
765 1744 800 1782 es
811 1743 914 1781 komm
922 1741 975 1780 kar
984 1742 1144 1786 niemand,
1159 1742 1221 1778 das
1230 1737 1289 1787 thu
1299 1739 1346 1777 die
1357 1735 1429 1779 Leut
1437 1738 1595 1787 verdrieß,

659 1803 787 1846 Davor
798 1804 846 1840 die
855 1800 940 1851 Ruß
949 1803 996 1841 die
1004 1798 1064 1848 thu
1071 1799 1135 1839 viel
1142 1798 1285 1838 Bombes
1296 1801 1329 1839 in
1339 1799 1454 1842 Stadt
1463 1800 1529 1837 rein
1541 1797 1649 1848 ſchieß.

658 1862 733 1906 Die
742 1860 816 1900 Leut
823 1860 875 1909 die
875 1860 931 1909 uff
934 1863 981 1900 die
989 1857 1117 1909 Thurm
1126 1856 1205 1897 koͤnn
1214 1857 1293 1899 alles
1301 1859 1465 1901 obſervir,

658 1924 732 1968 Sie
742 1924 922 1972 rapportir,
940 1921 1003 1971 daß
1013 1920 1114 1961 komm
1123 1920 1186 1960 viel
1206 1913 1294 1974 fremd
1308 1921 1441 1966 Soldat
1454 1918 1611 1967 marchir,

658 1989 731 2033 Sie
748 1984 803 2039 ſaͤh
823 1984 977 2026 natuͤrlick
991 1988 1055 2025 aus
1070 1988 1128 2025 wie
1145 1984 1250 2026 lauter
1266 1977 1360 2038 taffer
1382 1977 1453 2035 Pol,

657 2054 744 2096 Der
757 2049 869 2102 Leuf
870 2060 909 2091 er
916 2048 1026 2091 werd
1037 2059 1091 2090 nu
1098 2047 1210 2099 wohl
1223 2048 1285 2091 die
1293 2047 1464 2101 Rußiſch
1474 2047 1624 2091 Racker
1632 2044 1711 2101 ohl.

659 2115 736 2156 Die
746 2112 851 2158 Sonn
863 2110 963 2163 ſtrahl
971 2110 1021 2161 uff
1027 2114 1074 2151 die
1084 2110 1191 2160 Flint,
1204 2113 1265 2150 das
1273 2109 1332 2160 thu
1338 2111 1396 2149 wie
1403 2107 1507 2157 Feuer
1515 2107 1624 2160 ſchein,

661 2175 729 2216 Da
739 2175 817 2223 muß
827 2177 874 2213 die
883 2171 979 2224 Pohl
989 2175 1049 2213 mit
1057 2171 1143 2223 Ruß
1152 2171 1236 2224 ſchon
1246 2172 1279 2209 in
1288 2171 1347 2223 ehn
1356 2167 1486 2220 Treffen
1496 2169 1583 2222 ſeyn.

660 2226 718 2276 Ey
730 2238 762 2264 in
774 2229 820 2266 die
830 2226 949 2271 Stadt
956 2227 1028 2265 was
1036 2231 1105 2265 war
1112 2232 1172 2265 vor
1180 2222 1295 2274 kroßen
1303 2211 1470 2274 Froͤlikeit,

660 2295 819 2349 Numehr
828 2296 901 2339 bald
910 2299 995 2340 werd
1001 2297 1049 2341 die
1058 2292 1174 2343 Stadt
1181 2291 1285 2339 komm
1291 2295 1405 2338 wieder
1412 2295 1445 2336 in
1455 2289 1620 2347 Freyeiht.

1658 2358 1731 2411 Die
