1503 2242
221 370 254 409 in
271 374 320 409 der
329 370 431 416 Gruft
444 368 662 408 verdaͤmmerte
678 370 787 408 wieder
801 369 854 407 bis
866 367 920 414 zur
933 365 1024 412 gaͤnz⸗

220 445 315 485 lichen
335 445 530 488 Dunkelheit.
581 444 701 485 Bisher
722 450 789 480 war
811 443 909 483 Ulrich
940 442 1024 484 mehr

218 510 348 549 betaͤubt
370 513 425 548 als
446 508 591 554 aͤngſtlich
616 511 765 552 geweſen,
797 510 854 555 jezt
875 510 1025 545 wandelte

175 573 274 611 ihn
304 572 530 614 fuͤrchterliches
565 557 707 608 Grauſen
737 577 789 604 an.
842 574 887 604 Er
918 575 1026 603 konnte

219 646 271 689 ſich
288 647 376 682 kaum
391 645 452 684 auf
469 649 525 680 den
540 645 655 682 Beinen
681 643 832 686 erhalten,
875 647 936 678 und
961 653 1025 679 ver⸗

218 720 333 760 mochte
349 718 429 760 nicht
445 718 491 754 die
502 719 625 759 Stelle,
653 725 702 754 wo
721 726 751 754 er
777 716 881 758 ſtand,
908 725 943 760 zu
958 723 1024 751 ver⸗

219 782 321 823 laſſen.
370 779 449 817 Das
466 765 554 828 Buch
577 782 648 824 hielt
672 789 701 814 er
719 780 786 821 feſt,
816 779 854 813 ob
875 789 905 813 er
929 781 1022 820 gleich

218 869 275 899 vor
288 861 381 906 Angſt
400 862 499 905 wenig
515 865 615 898 daran
630 863 742 903 dachte,
770 860 824 904 ſich
838 861 952 907 jemals
967 860 1024 899 mit

217 928 325 975 ſeinem
348 930 458 975 Jnhalt
483 927 622 979 bekannt
630 938 667 973 zu
692 927 824 970 machen.
876 922 935 967 Als
956 935 1025 965 end⸗

171 995 276 1046 lich
294 998 346 1031 die
367 997 525 1038 Strahlen
548 1001 603 1032 des
623 995 790 1036 wirklichen
812 981 968 1036 Morgens
993 997 1025 1029 in

221 1085 267 1120 die
282 1083 383 1126 Kirche
400 1088 464 1121 und
481 1081 571 1123 durch
588 1079 634 1114 die
656 1071 769 1144 offenen
777 1074 903 1117 Thuͤren
922 1085 1025 1117 davon

208 1145 297 1186 nach
321 1149 385 1182 und
409 1145 482 1188 nach
491 1140 530 1196 ſo
544 1147 620 1184 viel
642 1147 672 1181 in
697 1151 743 1182 die
764 1146 863 1186 Gruft
885 1146 1024 1193 brachen,

221 1208 283 1239 daß
303 1200 400 1241 Ulrich
431 1192 477 1235 die
499 1207 635 1249 Ankunft
667 1201 725 1232 des
754 1204 861 1239 Tages
888 1203 1025 1238 ahndete,

221 1280 324 1310 wagte
345 1282 375 1303 er
389 1260 440 1308 es,
452 1285 522 1319 ſich
534 1281 589 1324 der
607 1273 727 1309 Treppe
744 1271 778 1307 zu
793 1268 922 1308 naͤhern.
960 1275 1026 1311 Jn⸗

223 1354 289 1399 dem
305 1361 337 1390 er
353 1349 421 1389 dies
437 1350 515 1394 that,
529 1353 634 1386 wurde
654 1351 699 1387 die
708 1348 814 1389 Kirche
829 1348 1026 1396 aufgeſchloſ⸗

221 1419 287 1458 ſen,
322 1425 352 1451 er
376 1415 460 1466 hoͤrte
479 1414 641 1458 Menſchen
664 1401 921 1459 hereinkommen,
960 1423 1024 1450 und

221 1492 408 1536 unterſchied
422 1493 467 1530 die
477 1492 537 1534 ihm
547 1490 688 1528 bekannte
699 1490 838 1529 Stimme
853 1496 907 1529 des
917 1492 1025 1530 Gloͤck⸗

222 1565 314 1605 ners,
341 1561 463 1605 welcher
478 1562 534 1599 mit
550 1560 618 1606 zwei
636 1559 766 1598 Knaben
785 1568 852 1604 zum
872 1562 1024 1603 Morgen⸗

190 1632 328 1671 laͤuten
346 1633 517 1676 gekommen
533 1641 610 1669 war.
663 1630 742 1671 Nun
765 1630 835 1675 ſtieg
853 1634 899 1681 er
899 1631 1025 1681 herauf,

224 1706 296 1742 aber
314 1706 389 1749 ſeine
405 1706 501 1743 Beine
515 1713 618 1742 waren
641 1703 672 1745 ſo
697 1703 823 1749 ſchwer,
850 1705 911 1746 daß
934 1714 963 1741 er
990 1707 1025 1739 es

223 1776 286 1814 nur
300 1778 359 1821 mit
372 1774 472 1822 Muͤhe
486 1777 604 1814 konnte.
652 1775 720 1815 Der
735 1775 881 1816 Gloͤckner
897 1774 1027 1821 erſchrak
