1613 2265
205 381 337 423 „derlich
357 379 399 429 zu
422 383 538 430 Athen,
575 396 624 424 wo
647 390 719 433 auch
748 395 803 430 den
826 392 1061 438 unbekannten

201 437 383 489 „Goͤttern
406 450 508 489 Altaͤre
534 452 656 492 erbauet
679 457 778 501 ſind.„
819 467 838 502 3
857 462 902 497 B.
925 462 1002 507 Cap.
1021 469 1053 508 Z.

198 512 251 548 S.
270 518 364 557 237.

302 561 496 603 Vornemlich
512 571 592 602 war
597 574 636 616 er
659 571 716 605 ein
740 567 871 618 eifriger
901 570 1050 616 Anbeter

199 608 259 637 der
268 608 413 643 Sonne.
449 620 510 651 So
522 612 600 658 bald
615 623 667 643 der
673 623 737 651 Tag
752 626 953 656 angebrochen
970 639 1046 658 war,

139 663 350 711 verehrete
367 683 402 708 er
418 680 491 719 nach
524 679 612 718 ſeiner
641 680 839 726 Gewohnheit
860 688 906 721 die
921 688 1047 726 Sonne.

197 737 268 783 3B.
279 740 352 786 Cap.
361 745 413 778 10.
425 743 472 778 S.
482 753 557 791 237.
583 746 639 784 Ein
649 753 740 786 ander
750 752 814 787 mal
821 753 918 796 finden
930 758 985 792 wir
995 759 1044 801 ihn

194 798 257 838 alſo
274 799 373 837 beten:
412 803 475 842 „O
492 804 624 850 Sonne,
647 807 747 852 ſchicke
769 813 863 856 mich,
888 816 989 855 wohin
1008 821 1042 853 es

192 857 252 896 auf
263 856 361 895 Erden
380 861 427 894 dir
444 865 503 897 und
535 865 594 899 mir
620 869 675 908 gut
697 865 815 911 duͤnket,
851 874 910 907 und
926 875 1038 917 mache,

189 915 252 955 daß
270 915 312 956 ich
330 918 359 951 in
376 919 423 953 die
445 910 675 972 Bekanntſchaft
698 931 785 968 guter
807 926 886 964 Leute
906 929 1043 972 komme;

189 972 237 1004 die
246 966 351 1014 Boͤſen
369 976 440 1008 aber
463 987 537 1017 mag
557 969 601 1019 ich
621 984 717 1016 weder
738 982 863 1024 kennen,
890 976 961 1026 noch
978 996 1037 1022 von

187 1025 278 1070 ihnen
305 1032 429 1075 gekannt
456 1033 614 1078 werden.„
653 1040 725 1077 1B.
748 1041 826 1086 Cap.
845 1052 893 1088 31.
917 1043 965 1081 S.
980 1053 1035 1090 39.

184 1091 269 1132 Man
269 1082 348 1139 ſehe
365 1086 452 1142 auch
447 1088 507 1132 S.
525 1103 611 1142 249.
625 1105 699 1143 357.

287 1152 332 1189 Er
345 1154 451 1191 wollte
463 1158 557 1200 dieſer
565 1159 727 1204 Anbetung
745 1166 798 1200 der
817 1163 924 1204 Goͤtter
943 1167 1035 1212 durch

184 1202 245 1235 eine
259 1191 415 1239 Direction
430 1209 483 1239 der
498 1208 659 1248 Jntention
673 1215 850 1254 aufhelfen.
869 1219 937 1260 —
957 1219 1033 1253 Wer

180 1273 240 1306 den
263 1269 383 1316 Jupiter
408 1270 560 1324 anbetete,
588 1277 691 1323 muͤßte
715 1284 765 1325 ihn
792 1285 846 1326 ſich
875 1286 1040 1333 gleichſam

142 1328 383 1375 gegenwaͤrtig
412 1335 467 1368 mit
486 1337 553 1373 dem
576 1335 736 1384 Himmel,
762 1345 819 1379 den
844 1343 944 1388 Horis
967 1350 1029 1382 und

180 1393 336 1439 Geſtirnen
352 1394 508 1443 gedenken.
558 1401 633 1439 Wer
649 1406 697 1440 die
710 1405 820 1450 Pallas
834 1408 933 1445 bilden
944 1410 1028 1448 woll⸗

177 1457 229 1493 te,
260 1455 362 1501 muͤßte
385 1459 439 1504 ſich
462 1463 510 1497 die
530 1463 675 1508 Armeen,
708 1469 754 1503 die
784 1467 942 1515 Klugheit,
977 1474 1031 1509 die

141 1487 291 1543 Kuͤnſte
305 1503 364 1542 und
379 1515 435 1541 wie
448 1512 485 1549 ſie
500 1521 560 1542 aus
578 1517 644 1544 dem
656 1517 779 1554 Jupiter
794 1525 898 1555 hervor
913 1524 1027 1561 gekom⸗

171 1550 264 1601 men,
289 1559 459 1614 vorſtellen,
486 1572 571 1608 6B.
601 1575 678 1618 Cap.
693 1582 742 1616 19.
764 1580 808 1613 S.
816 1580 889 1620 256.
913 1588 972 1615 und
991 1593 1026 1614 er

175 1627 272 1668 tadelt
294 1624 416 1676 daſelbſt
439 1636 486 1678 die
507 1635 677 1684 Egyptiſche
699 1640 916 1687 Gewohnheit,
939 1648 1026 1682 einen

174 1688 325 1737 Habicht,
345 1694 439 1737 Eule,
470 1697 562 1741 Wolf
583 1703 653 1737 oder
676 1701 770 1746 Hund
792 1706 841 1740 als
857 1709 902 1741 ein
918 1708 1022 1750 Sym⸗

167 1746 226 1785 bol
244 1751 294 1782 der
311 1745 450 1795 Gottheit
463 1757 668 1802 vorzuſtellen,
691 1760 763 1794 weil
778 1763 907 1802 dadurch
925 1763 1024 1805 dieſen

171 1808 298 1848 Thieren
321 1819 355 1853 zu
376 1813 435 1848 viel
453 1816 571 1861 Wuͤrde
597 1817 774 1866 beygelegt,
806 1828 861 1859 den
883 1824 1025 1865 Goͤttern

172 1865 244 1907 aber
257 1873 390 1921 entzogen
405 1870 519 1913 wuͤrde.
