1758 2444
138 454 195 494 der
212 455 261 493 die
277 452 500 499 umliegenden
517 449 634 491 Oerter
651 448 746 493 dieſer
757 448 867 491 Stadt
884 447 989 493 beſaß,

138 511 207 546 und
223 509 274 546 ein
290 503 560 553 Bundesgenoſſe
582 509 636 541 der
651 502 779 541 Roͤmer
802 511 883 537 war.
938 499 989 540 Er

139 561 230 605 hatte
252 558 310 609 ſich
334 566 398 600 von
414 557 572 606 Kindheit
593 557 654 598 auf
674 557 770 607 durch
788 555 986 603 beſtaͤndiges

139 601 258 659 Jagen
274 621 311 658 zu
329 611 413 649 allen
424 607 762 660 Beſchwerlichkeiten
772 612 830 647 des
855 606 987 656 Regens,

139 670 196 707 der
214 657 353 711 Sonne,
371 669 429 702 des
447 661 608 704 Staubes
626 658 828 710 abgehaͤrtet,
845 661 910 698 und
930 657 988 708 ſich

141 722 236 761 einen
259 720 378 769 ſtarken
394 718 523 765 Koͤrper
546 715 731 766 verſchafft,
756 720 811 754 der
834 719 894 754 mit
916 718 990 754 dem

142 777 254 824 Muth
271 775 369 817 ſeiner
378 773 485 814 Seele
502 771 717 812 uͤbereinkam.
772 769 822 811 Er
833 767 918 817 hatte
929 769 991 814 ſein

142 826 327 876 Schickſal,
345 827 407 863 wie
420 823 469 873 ich
483 815 521 861 es
530 821 636 870 geſagt
650 820 747 869 habe,
765 820 803 869 an
805 826 867 858 das
883 821 993 861 Gluͤck

142 883 198 920 der
215 880 342 920 Roͤmer
358 876 543 926 gebunden,
565 882 631 913 und
646 875 777 921 glaubte
795 870 993 920 anfaͤnglich,

143 933 209 980 daß
222 937 278 970 der
291 931 364 980 Fall
380 935 435 968 des
445 928 658 970 Valerianus
672 931 726 965 der
735 928 923 972 Untergang
940 924 993 966 ſei⸗

144 988 206 1022 nes
225 982 351 1032 Reichs
369 981 471 1019 waͤre.
523 980 573 1021 Er
588 980 656 1022 bat,
674 987 735 1016 von
754 986 857 1014 einem
874 975 902 1020 ſo
925 973 995 1029 har⸗

144 1042 200 1076 ten
217 1034 317 1081 Stoß
332 1032 511 1081 getroffen,
534 1030 597 1071 den
610 1030 733 1077 Sapor
752 1029 918 1081 ſchriftlich
936 1023 995 1072 um

143 1086 375 1142 Freundſchaft
390 1093 456 1127 und
468 1087 605 1130 Gnade.
658 1082 777 1134 Dieſer
792 1087 880 1133 ſtolze
890 1085 994 1131 Prinz

145 1141 247 1190 nahm
269 1145 307 1180 es
333 1139 400 1190 ſehr
424 1139 517 1189 uͤbel,
548 1140 607 1187 daß
632 1132 797 1187 Odenatus
824 1134 907 1185 nicht
924 1145 995 1174 war

145 1181 183 1229 in
197 1189 326 1234 Perſon
342 1186 549 1234 gekommen,
576 1187 657 1232 ſeine
677 1183 799 1224 Gnade
813 1193 849 1229 zu
870 1179 995 1229 ſuchen.

146 1246 201 1287 Er
213 1245 334 1292 ſchickte
349 1245 430 1290 ſeine
438 1242 665 1289 Abgeſandten
682 1235 867 1288 beſchimpft
879 1241 995 1278 wieder

146 1296 280 1345 zuruͤck,
306 1298 370 1344 ließ
390 1298 471 1343 ſeine
487 1294 667 1345 Geſchenke
690 1296 724 1333 in
739 1297 797 1332 den
814 1290 900 1342 Fluß
919 1301 995 1330 wer⸗

138 1349 225 1398 fen,
243 1352 312 1388 und
327 1346 397 1396 ihm
413 1345 519 1396 ſagen,
544 1346 609 1396 daß
627 1356 660 1384 er
674 1343 742 1393 ihm
757 1347 866 1385 lernen
890 1344 995 1390 wolle,

147 1409 214 1456 auf
225 1412 298 1450 was
315 1408 369 1454 fuͤr
386 1408 454 1445 eine
470 1405 534 1446 Art
550 1407 600 1445 ein
622 1402 735 1453 ſolcher
750 1399 907 1451 Menſch,
935 1403 995 1439 wie

146 1441 207 1497 er,
233 1443 294 1488 mit
321 1452 425 1489 einem
444 1448 576 1497 Koͤnige
597 1457 661 1485 von
685 1447 820 1494 Perſien
841 1447 995 1491 umgehen

148 1508 266 1557 muͤſſe.
315 1510 459 1554 „Wenn
475 1518 529 1549 er,
553 1505 633 1555 ſetzte
648 1517 681 1543 er
696 1504 812 1553 hinzu,
828 1506 897 1542 eine
910 1503 995 1544 Ver⸗

150 1560 372 1608 „minderung
383 1557 485 1602 ſeiner
491 1548 617 1609 Strafe
632 1555 776 1605 erhalten
785 1555 866 1601 will,
884 1554 913 1599 ſo
923 1564 995 1602 mag

149 1627 213 1658 „er
228 1618 290 1655 mit
305 1615 513 1663 gebundenen
530 1613 672 1660 Haͤnden
699 1615 762 1661 auf
778 1616 849 1652 dem
865 1611 995 1654 Ruͤcken

149 1676 217 1714 „zu
234 1671 297 1708 mir
321 1667 489 1712 kommen,
514 1670 582 1703 und
598 1675 636 1712 zu
659 1666 786 1703 meinen
803 1663 919 1711 Fuͤſſen
937 1666 995 1701 nie⸗

149 1721 347 1769 „derfallen.
399 1718 491 1766 Thut
506 1729 540 1756 er
558 1722 594 1756 es
608 1715 714 1765 nicht,
741 1716 771 1761 ſo
787 1717 869 1755 kann
887 1727 921 1755 er
935 1724 995 1752 ver⸗

150 1773 288 1823 „ſichert
304 1773 405 1820 ſeyn,
430 1771 495 1819 daß
518 1783 552 1810 er
566 1774 626 1810 mit
641 1772 757 1819 ſeinem
774 1769 907 1819 Hauſe,
934 1772 995 1805 und

147 1825 298 1872 „ſeinem
319 1820 515 1879 Vaterlande
531 1835 568 1872 zu
584 1822 726 1864 Grunde
741 1822 840 1871 gehen
856 1823 995 1861 werde“.

151 1876 332 1920 Odenatus
349 1877 420 1926 ſahe
435 1874 495 1926 ſich
509 1863 717 1924 genoͤthiget,
744 1876 805 1915 alle
819 1872 995 1920 Huͤlfsmit⸗

153 1932 199 1968 tel
216 1934 249 1967 in
272 1926 332 1979 ſich
350 1928 440 1977 ſelbſt
458 1937 498 1975 zu
514 1922 647 1975 ſuchen,
674 1930 741 1970 und
758 1938 790 1963 er
814 1926 891 1971 fand
914 1920 995 1969 ihrer

153 1982 352 2030 zureichend.
405 1982 456 2023 Er
465 1980 628 2029 ſammelte
636 1979 806 2025 Truppen,
820 1981 888 2013 und
903 1976 995 2026 durch

153 2035 206 2081 die
218 2034 411 2084 gluͤcklichen
427 2032 562 2082 Erfolge
580 2037 636 2072 des
652 2032 789 2080 Baliſta
810 2026 995 2079 aufgemun⸗

153 2090 230 2130 tert,
245 2091 350 2130 wagte
368 2094 401 2125 er
409 2089 466 2130 es,
481 2087 524 2124 da
541 2081 664 2130 Sapor
682 2081 761 2123 uͤber
777 2084 836 2120 den
861 2076 995 2132 Euphrat

881 2133 995 2181 zuruͤck⸗

1000 561 1072 593 Treb.
1087 559 1139 594 Tr.

1001 602 1061 638 Tyr.
1072 614 1116 639 15.

995 977 1073 1020 Retr.
1091 978 1180 1020 Patric.

995 1023 1065 1071 Leg.

995 2035 1065 2077 Zon.
1095 2055 1185 2083 Syne.

1009 2076 1085 2119 Treb.
1102 2086 1168 2119 Val.

995 2133 1036 2179 u.
1045 2135 1095 2168 Tr.
1100 2127 1168 2167 Tyr.
