2630 3323
721 587 818 649 170

1258 578 1362 656 Die
1362 578 1506 656 209te
1506 578 1815 656 Betrachtung

2115 587 2224 661 Den
2224 587 2293 661 27
2293 587 2401 661 Jul.

725 691 823 742 „ſey,
845 695 916 735 und
932 698 970 735 es
986 695 1042 734 der
1057 689 1251 745 vaͤterlichen
1266 693 1365 744 Guͤte
1379 696 1534 742 GOttes

723 740 923 787 „allzunahe
938 738 1053 781 wuͤrde
1064 742 1191 791 geredet
1207 735 1290 795 ſeyn,
1310 750 1367 781 wo
1382 750 1465 784 man
1481 743 1534 790 ſa⸗

725 801 812 837 „gen
827 793 904 832 oder
923 791 1035 842 ſorgen
1054 794 1183 841 wolte,
1214 794 1281 842 daß
1298 794 1437 843 derſelbe
1453 794 1534 842 ſeine

726 827 910 891 „ſchwache
930 833 1042 889 Kinder
1060 849 1117 879 um
1134 839 1203 879 eine
1211 839 1297 888 Zeit,
1311 847 1409 879 wenn
1426 840 1467 886 ſie
1476 850 1534 882 am

723 889 960 946 „ſchwaͤchſten
985 891 1084 944 ſind,
1115 895 1150 936 in
1175 894 1374 946 dergleichen
1392 897 1533 947 Verſu⸗

723 942 896 996 „chungen
910 951 980 990 und
990 948 1246 998 Anfechtungen
1264 948 1364 989 wolte
1372 947 1533 998 gerathen

722 999 860 1049 „laſſen,
877 1001 995 1047 welche
1012 1000 1109 1048 ihnen
1125 1013 1162 1051 zu
1180 1002 1300 1050 ſchwer
1316 1002 1390 1051 ſeyn
1411 1001 1535 1052 ſolten:

724 1049 909 1098 „vielmehr
925 1049 962 1097 iſt
977 1055 1014 1092 es
1030 1051 1129 1101 ſeiner
1146 1052 1260 1094 Treue
1272 1051 1457 1099 allerdings
1477 1060 1534 1100 ge⸗

723 1095 858 1150 „maͤß,
900 1101 967 1150 daß
992 1113 1025 1145 er
1054 1102 1214 1146 derſelben
1243 1102 1302 1152 bey
1321 1102 1406 1151 ihrer
1427 1105 1534 1152 letzten

724 1152 858 1204 „Noth
873 1151 934 1195 mit
947 1156 1034 1197 allen
1046 1151 1301 1203 Anfechtungen
1316 1152 1442 1203 ſchone,
1454 1156 1534 1200 oder

725 1201 792 1247 „ſie
819 1199 961 1242 alsdenn
993 1189 1171 1251 unfehlbar
1207 1201 1271 1243 mit
1297 1200 1385 1243 einer
1410 1200 1536 1252 ſolchen

724 1253 857 1304 „Kraft
870 1254 1053 1305 ausruͤſte,
1080 1256 1147 1307 daß
1165 1257 1206 1307 ſie
1220 1256 1309 1305 nicht
1329 1257 1422 1308 mehr
1437 1255 1537 1300 uͤber⸗

726 1306 896 1352 „wunden
907 1309 1053 1348 werden.
1078 1306 1137 1358 Ja
1150 1307 1198 1356 ich
1210 1308 1299 1358 halte
1307 1314 1345 1348 es
1353 1310 1409 1350 der
1418 1305 1536 1357 goͤttli⸗

727 1352 829 1403 „chen
845 1357 878 1405 ſo
901 1356 982 1407 hoch
1008 1358 1215 1405 geprieſenen
1233 1358 1468 1401 Vater⸗Liebe
1483 1369 1537 1407 zu⸗

725 1406 877 1456 „wider,
903 1416 959 1448 wo
973 1417 1055 1448 man
1067 1407 1165 1456 ſagen
1183 1410 1301 1450 wolte,
1321 1410 1388 1460 daß
1404 1408 1536 1456 dieſelbe

724 1454 842 1502 „einen
857 1455 999 1505 einigen,
1016 1456 1050 1506 ſo
1064 1456 1120 1499 bis
1138 1468 1184 1500 an
1203 1461 1265 1500 den
1281 1459 1388 1507 letzten
1402 1456 1540 1509 Kampf

722 1509 863 1557 „getreu
879 1519 924 1552 an
941 1511 982 1554 ſie
998 1509 1152 1560 gehalten
1165 1506 1280 1560 haͤtte,
1297 1511 1339 1557 in
1355 1511 1534 1561 demſelben

724 1558 810 1607 „erſt
823 1562 924 1603 wolte
936 1562 1062 1610 fallen,
1081 1564 1150 1602 und
1167 1565 1241 1605 dem
1252 1562 1385 1606 Satan
1402 1561 1437 1603 in
1454 1561 1537 1611 ſeine

720 1610 894 1661 „Gewalt
938 1611 1100 1660 gerathen
1148 1612 1263 1655 laſſen.
1345 1614 1440 1659 Das
1483 1613 1536 1663 ſey

722 1655 841 1705 „ferne
854 1662 923 1699 von
942 1661 1032 1704 uns,
1057 1648 1258 1706 dergleichen
1279 1658 1353 1699 dem
1366 1659 1535 1710 frommen

723 1713 867 1761 „GOtt
881 1719 1103 1763 zuzutrauen!
1136 1715 1238 1764 daher
1260 1717 1308 1765 ich
1332 1718 1383 1757 die
1398 1717 1535 1761 Worte

721 1767 811 1814 „des
831 1757 935 1809 lieben
953 1764 1085 1817 Pauli,
1097 1777 1118 1804 2
1127 1763 1226 1810 Tim.
1232 1777 1307 1815 4,7.
1342 1766 1428 1817 Jch
1436 1767 1551 1816 habe

720 1807 857 1850 „einen
889 1810 1010 1852 guten
1035 1807 1202 1852 Kampf
1228 1790 1463 1855 gekaͤmpfet,
1486 1813 1533 1844 ꝛc.

721 1861 809 1912 „die
823 1873 859 1906 er
897 1864 1127 1913 geſchrieben,
1178 1868 1225 1907 da
1256 1876 1290 1906 er
1323 1869 1398 1907 dem
1424 1867 1532 1914 letzten

717 1913 893 1964 „Kampf
913 1912 1001 1963 nahe
1027 1923 1133 1961 war,
1167 1918 1238 1956 und
1264 1917 1323 1962 ihn
1346 1916 1426 1963 doch
1449 1917 1531 1961 noch

718 1961 837 2015 „nicht
846 1966 1039 2013 angetreten
1054 1963 1169 2017 hatte,
1196 1965 1264 2016 alſo
1274 1965 1450 2014 annehme,
1465 1966 1533 2015 daß

721 2025 781 2065 „er
797 2014 907 2060 damit
917 2013 1078 2067 bezeuge,
1101 2016 1157 2059 der
1168 2013 1322 2071 Kampf,
1341 2017 1397 2061 als
1409 2025 1481 2061 fern
1499 2026 1542 2061 er

719 2063 886 2115 „nemlich
903 2064 1043 2117 Gefahr
1057 2076 1103 2109 an
1122 2065 1183 2118 ſich
1199 2065 1311 2118 habe,
1344 2067 1395 2117 ſey
1408 2054 1531 2113 bereits

719 2122 934 2171 „vollendet,
959 2120 1017 2172 ehe
1032 2127 1071 2165 es
1083 2122 1167 2173 noch
1183 2134 1229 2166 an
1239 2125 1301 2166 den
1317 2124 1425 2173 letzten
1438 2124 1530 2166 kom⸗

720 2177 820 2215 „me,
845 2167 1030 2217 hingegen,
1045 2174 1125 2209 was
1139 2169 1203 2214 wir
1211 2172 1275 2216 den
1284 2171 1389 2221 letzten
1397 2169 1536 2223 Kampf

720 2231 875 2273 „nennen,
915 2224 965 2268 ſey
974 2227 1037 2264 den
1046 2226 1200 2265 Kindern
1206 2226 1361 2271 GOttes
1373 2224 1531 2275 vielmehr

719 2268 868 2318 „bereits
877 2270 928 2312 ein
944 2271 1065 2315 Stuͤck
1077 2274 1155 2312 dero
1171 2270 1323 2320 Sieges,
1336 2271 1394 2311 als
1402 2270 1484 2321 noch
1493 2281 1531 2320 zu

719 2318 852 2371 „ihrem
861 2318 998 2368 Kampf
1002 2330 1040 2366 zu
1053 2319 1204 2368 rechnen.
1253 2321 1371 2365 Denn
1383 2330 1483 2362 wenn
1492 2329 1531 2364 es

718 2368 849 2422 „dahin
867 2365 1032 2418 koͤmmet,
1048 2371 1118 2412 und
1133 2370 1218 2421 ohne
1232 2372 1301 2417 das
1318 2371 1387 2423 ihre
1402 2366 1530 2424 Kraͤfte

719 2419 858 2469 „Leibes
885 2421 955 2464 und
978 2417 1158 2471 Gemuͤths
1189 2422 1284 2471 mehr
1311 2420 1467 2471 brechen,
1493 2423 1528 2472 ſo

719 2471 899 2527 „kaͤmpfen
912 2476 953 2526 ſie
967 2472 1057 2524 nicht
1073 2475 1107 2519 ſo
1127 2477 1195 2518 wol
1209 2476 1324 2525 mehr,
1342 2477 1398 2517 als
1413 2477 1530 2521 GOtt

720 2521 892 2576 „kaͤmpfet
904 2522 975 2566 und
987 2521 1085 2572 ſieget
1100 2521 1134 2563 in
1146 2520 1260 2572 ihnen.
1311 2523 1530 2571 Weswegen

1585 690 1769 745 „glaͤubige
1782 697 1912 743 Kinder
1927 698 2086 743 GOttes
2099 699 2160 749 ſich
2175 697 2264 747 nicht
2282 698 2315 749 ſo
2331 700 2401 747 wol

1586 757 1670 794 „um
1686 747 1790 795 dieſen
1806 749 1914 793 letzten
1939 747 2111 795 kuͤnftigen
2126 748 2265 797 Kampf
2284 758 2322 797 zu
2347 748 2403 791 be⸗

1586 794 1783 845 „kuͤmmern,
1822 795 1877 837 als
1894 794 2042 840 darnach
2055 806 2090 843 zu
2095 798 2257 846 trachten
2277 795 2400 847 haben,

1586 845 1674 891 „wie
1686 847 1728 896 ſie
1738 843 1780 886 in
1797 848 1853 888 der
1868 845 1996 891 Gnade
2011 846 2103 895 ihres
2119 849 2272 893 GOttes
2287 848 2401 891 und
2359 844 2406 896 in

1585 896 1686 944 „dem
1693 893 1857 945 Glauben
1874 891 1998 945 moͤgen
2012 895 2172 946 erfunden
2183 900 2329 945 werden,
2338 907 2400 943 um

1587 942 1647 992 „in
1666 943 1773 983 einem
1787 948 1890 995 guten
1906 933 2057 989 Stande
2072 945 2123 988 die
2145 946 2228 996 letzte
2248 947 2401 993 Stunde

1587 1004 1824 1049 „anzutreten,
1844 1003 1888 1043 da
1906 1006 1945 1042 es
1959 1000 2058 1051 ihnen
2075 1006 2143 1044 aus
2161 1003 2217 1043 der
2232 997 2345 1049 Treue
2342 1002 2398 1052 ih⸗

1586 1057 1666 1098 „res
1675 1051 1823 1097 Vaters
1839 1063 1885 1095 an
1902 1056 1977 1096 dem
1986 1051 2102 1103 Siege
2119 1047 2308 1103 unmoͤglich
2325 1054 2397 1105 feh⸗

1586 1105 1663 1150 „len
1680 1106 1792 1150 kan.„

1588 1214 1652 1292 N

1652 1214 1732 1257 un,
1747 1214 1874 1261 HErr
1893 1209 2046 1262 JEſu,
2074 1218 2128 1257 du
2143 1223 2257 1264 guter
2270 1214 2400 1265 Hirte,

1683 1261 1751 1306 gib
1764 1271 1843 1303 uns
1852 1264 2061 1310 Glauben,
2077 1265 2158 1304 und
2176 1265 2239 1306 laß
2250 1274 2327 1304 uns
2343 1265 2398 1305 im

1589 1315 1779 1355 Glauben
1793 1314 1880 1362 dich
1895 1312 2059 1362 taͤglich,
2074 1315 2109 1362 ja
2127 1315 2314 1364 ſtuͤndlich
2331 1316 2397 1357 als

1588 1364 1725 1410 unſern
1739 1369 1873 1402 treuen
1891 1362 2030 1410 Hirten
2045 1369 2127 1406 und
2141 1365 2314 1413 Biſchof
2324 1374 2398 1406 un⸗

1588 1411 1682 1456 ſerer
1697 1409 1842 1453 Seelen
1858 1409 2059 1459 erfahren,
2090 1412 2167 1451 wie
2187 1413 2240 1449 du
2257 1410 2394 1451 immer

1587 1465 1655 1515 bey
1672 1474 1749 1505 uns
1766 1463 1862 1514 biſt,
1887 1459 1952 1511 auf
1970 1460 2033 1509 uns
2070 1463 2277 1517 ſorgfaͤltig
2292 1466 2396 1512 Acht

1586 1517 1690 1563 haſt,
1729 1523 1809 1560 uns
1836 1518 1980 1565 leiteſt,
2015 1516 2183 1567 fuͤhreſt,
2224 1518 2410 1564 weideſt,

1586 1564 1754 1614 ſchuͤtzeſt
1777 1567 1857 1606 und
1876 1565 2084 1614 bewahreſt
2104 1566 2167 1615 fuͤr
2189 1566 2301 1607 allem
2317 1568 2397 1608 Un⸗

1587 1611 1705 1671 gluͤck.
1756 1612 1922 1657 Staͤrcke
1929 1624 2007 1654 uns
2016 1613 2191 1662 dadurch
2199 1617 2255 1654 im
2264 1616 2397 1656 Glau⸗

1585 1670 1686 1709 ben,
1725 1661 1803 1709 daß
1827 1663 1910 1701 wir
1929 1670 2010 1702 uns
2033 1662 2137 1710 auch
2158 1673 2236 1703 vor
2250 1663 2396 1709 keinem

1584 1712 1756 1766 Ungluͤck
1777 1712 1984 1764 fuͤrchten,
2011 1715 2169 1763 ſondern
2183 1715 2238 1758 im
2256 1716 2410 1760 kindli⸗

1581 1759 1675 1813 chen
1690 1748 1813 1813 Geiſte
1835 1762 1897 1803 dir
1911 1758 2008 1803 alles
2021 1768 2232 1809 zutrauen,
2247 1764 2331 1807 daß
2338 1765 2406 1803 du

1561 1822 1665 1858 uns
1679 1810 1951 1862 nimmermehr
1973 1816 2041 1857 und
2065 1815 2133 1868 am
2135 1812 2342 1867 wenigſten
2352 1811 2395 1857 in

1584 1869 1709 1916 Noth
1709 1869 1803 1912 und
1803 1869 1919 1914 Tode
1926 1864 2109 1921 verlaſſen
2116 1868 2245 1921 wirſt.
2289 1871 2333 1914 O
2333 1871 2394 1920 ja,

1583 1917 1687 1957 mein
1704 1914 1909 1965 Heyland,
1946 1917 1987 1961 ſo
2012 1919 2071 1970 ſey
2091 1923 2173 1960 und
2188 1918 2312 1961 bleibe
2323 1918 2394 1967 bey

1583 1973 1662 2004 uns
1684 1965 1789 2010 nach
1804 1966 1933 2005 deiner
1954 1964 2213 2014 Verheiſſung
2234 1965 2393 2013 allezeit,

1584 2014 1796 2068 ſonderlich
1810 2014 1911 2061 auch
1926 2016 1969 2060 in
1985 2019 2049 2063 der
2056 2016 2188 2065 Noth,
2203 2018 2283 2059 und
2292 2016 2394 2069 auch

1582 2067 1726 2114 einmal
1726 2067 1775 2114 in
1784 2070 1867 2114 dem
1876 2062 2040 2123 finſtern
2060 2068 2308 2119 Todes⸗Thal,
2312 2072 2394 2113 und

1583 2122 1647 2170 laß
1656 2130 1735 2163 uns
1745 2118 1834 2170 dich
1844 2130 1953 2172 gantz
1970 2122 2033 2164 ins
2043 2119 2241 2170 beſondere
2257 2124 2312 2165 als
2330 2131 2391 2166 un⸗

1582 2171 1662 2220 ſern
1683 2167 1855 2221 Hirten,
1875 2175 1958 2216 und
1973 2171 2061 2213 dein
2079 2173 2209 2217 Wort
2227 2173 2292 2214 als
2318 2181 2391 2218 un⸗

1582 2225 1661 2270 ſern
1677 2222 1842 2268 Stecken
1857 2227 1940 2265 und
1956 2222 2071 2267 Stab
2088 2224 2290 2274 erfahren;
2316 2224 2391 2267 alle

1580 2274 1796 2325 Schrecken
1804 2278 1886 2318 und
1900 2273 2046 2323 Furcht
2056 2278 2124 2321 des
2133 2278 2265 2320 Todes
2281 2275 2390 2320 uͤber⸗

1579 2325 1756 2375 winden,
1777 2327 1858 2370 und
1873 2326 1928 2366 im
1939 2325 2068 2371 vollen
2075 2327 2210 2376 Friede
2226 2326 2388 2378 heimge⸗

1581 2376 1710 2424 holet,
1726 2379 1810 2419 und
1828 2379 1920 2422 dort
1941 2377 1983 2419 in
2003 2375 2077 2423 alle
2091 2378 2293 2422 Ewigkeit
2312 2388 2389 2419 vor

1580 2420 1735 2464 deinem
1743 2413 1858 2468 Stul
1891 2422 1954 2469 von
1989 2413 2063 2463 dir
2081 2414 2270 2472 geweidet
2289 2431 2387 2467 wer⸗

1578 2475 1665 2514 den.
1714 2472 1888 2515 Amen.

833 2603 921 2652 Will
934 2602 1015 2657 mich
1022 2603 1087 2640 das
1096 2601 1204 2641 finſtre
1220 2599 1311 2642 Thal
1325 2589 1527 2632 erſchrecken,
1540 2589 1571 2633 ſo
1585 2590 1660 2627 tritt
1674 2600 1761 2637 mein
1769 2600 1849 2643 Licht
1857 2587 1934 2645 doch
1945 2594 2023 2645 bald
2034 2596 2161 2653 herfuͤr.

833 2657 918 2707 Sey
933 2663 976 2697 du
992 2656 1081 2697 mein
1095 2650 1225 2708 Fuͤhrer
1238 2661 1306 2698 und
1319 2657 1391 2698 dein
1405 2657 1551 2703 Stecken
1570 2652 1691 2694 erhalt'
1704 2659 1771 2696 und
1783 2651 1893 2706 ſtaͤrcke
1904 2656 1985 2699 mich
1998 2656 2034 2694 in
2047 2655 2117 2705 dir;

835 2708 911 2748 Und
925 2719 1022 2749 wenn
1037 2713 1122 2748 denn
1132 2705 1223 2756 Hertz
1238 2713 1307 2749 und
1319 2707 1416 2757 Auge
1425 2708 1544 2759 bricht,
1557 2708 1589 2758 ſo
1603 2689 1660 2755 laß
1666 2704 1746 2747 mich
1759 2715 1823 2746 nur
1831 2705 1918 2746 mein
1930 2697 2052 2754 JEſu,
2052 2698 2151 2755 nicht.

834 2757 902 2801 Ach
909 2762 979 2809 halt
989 2764 1034 2802 im
1044 2759 1302 2808 Todes⸗Kampf
1312 2766 1380 2802 und
1393 2759 1550 2809 Streite,
1564 2762 1652 2802 mein
1668 2760 1789 2812 JEſu,
1804 2763 1871 2806 dich
1882 2764 1966 2804 recht
1979 2759 2045 2811 nah
2058 2770 2095 2810 zu
2105 2762 2176 2819 mir,

834 2808 910 2847 Und
919 2813 998 2859 zeige
1007 2814 1071 2852 mir
1090 2812 1139 2857 die
1154 2810 1241 2864 offne
1258 2809 1381 2860 Seite,
1396 2819 1435 2852 es
1449 2806 1552 2866 quillt
1568 2806 1644 2859 noch
1633 2811 1726 2855 Blut
1745 2820 1802 2856 und
1828 2807 1941 2873 Waſſer
1948 2808 2025 2865 fuͤr;

833 2864 962 2918 Erſaͤuf
972 2868 1007 2911 in
1018 2865 1134 2921 dieſem
1148 2864 1267 2921 rothen
1275 2863 1400 2913 Meeer
1414 2867 1502 2917 mein
1518 2865 1686 2921 ſchrecklich
1697 2868 1821 2923 groſſes
1835 2863 2103 2924 Suͤnden⸗Heer.

2317 2919 2391 2970 Jn
