1552 2338
125 395 157 443 ſo
173 401 254 443 viele
266 401 491 453 Gelegenheit
507 408 649 457 gleiches
666 412 733 451 und
742 412 883 459 gleiches
892 423 1023 464 zuſam⸗

124 462 195 496 men
213 470 251 507 zu
276 460 404 510 ſetzen/
422 464 530 513 auſſer
555 466 623 514 daß
642 477 674 507 er
704 476 815 510 etwan
829 474 1023 524 verſtehet/

121 510 196 547 was
214 508 267 560 fuͤr
286 511 438 556 Saame
456 515 516 564 ſich
535 525 571 564 zu
597 518 716 566 dieſem
733 519 888 565 Erdreich
917 528 1018 575 beſſer

119 548 244 599 ſchicke/
261 561 340 595 was
357 566 392 605 zu
410 560 543 608 jenem/
555 567 634 602 was
652 563 706 610 fuͤr
721 563 843 612 Viehe
862 569 941 618 auff
947 573 1015 611 die⸗

118 599 178 650 ſem
196 607 325 658 Strich
341 608 473 653 Landes
491 613 609 661 beſſere
635 616 779 665 Weyde
809 620 931 668 habe/
934 626 1015 663 was

116 658 178 707 auf
190 662 300 711 jenem
318 674 352 706 u.
352 661 387 715 d.
394 665 439 715 g.
483 667 536 716 Zu
557 670 746 717 Erfindung
773 674 895 724 artiger
911 675 1015 722 Din⸗

118 708 168 746 ge/
182 710 234 750 die
258 712 326 751 das
343 706 518 761 Gemuͤthe
530 715 591 756 des
608 708 794 767 Menſchen
805 721 869 769 auf
874 723 1014 772 tugend⸗

117 755 215 810 haffte
231 764 319 805 oder
341 761 523 818 wolluͤſtige
549 769 676 821 Weiſe
693 770 897 825 beluſtigen/
921 776 958 825 iſt
981 786 1017 818 er

117 815 203 864 gantz
219 814 440 866 ungeſchickt/
458 823 538 862 weil
556 834 589 863 er
605 824 713 872 ſeinen
736 825 917 876 Verſtand
943 831 1016 874 nie⸗

115 865 223 911 mahls
247 867 413 910 darinnen
436 865 526 910 uͤbet.
555 871 633 916 Und
667 875 706 922 iſt
731 874 803 921 alſo
830 881 923 926 gantz
947 888 1012 920 na⸗

114 902 245 961 tuͤrlich/
263 912 332 962 daß
348 915 399 955 ein
420 915 661 967 Geldgeitziger
676 919 737 968 ſich
753 931 789 965 zu
814 924 920 971 nichts
940 935 1010 966 we⸗

113 958 200 1009 niger
220 963 355 1015 ſchicke/
372 967 428 1006 als
444 977 482 1013 zu
498 958 605 1009 einem
627 979 728 1019 guten
739 974 922 1024 Gedichte/
930 982 1010 1019 oder

113 1014 410 1066 ungezwungenem
426 1022 622 1062 Poëmate:
647 1023 779 1074 Daher
805 1032 843 1067 es
858 1029 1013 1075 kommt/

111 1050 195 1113 daß/
211 1074 311 1107 wenn
333 1066 389 1110 ein
415 1065 581 1121 Geitziger
609 1071 642 1112 in
661 1074 747 1116 einer
774 1076 1009 1131 Geſellſchafft

110 1105 166 1154 den
183 1112 350 1157 Diſcours
376 1113 588 1166 unterhalten
605 1119 696 1162 will/
715 1130 748 1163 er
768 1124 1005 1175 mehrentheils

108 1155 225 1212 Dinge
243 1166 432 1215 vorbringt/
436 1163 481 1216 die
502 1168 564 1221 ſich
579 1176 674 1222 gantz
688 1172 774 1221 nicht
802 1177 905 1227 dahin
923 1177 1003 1226 ſchi⸗

108 1210 201 1266 cken/
216 1219 293 1260 oder
310 1227 382 1267 zum
403 1220 582 1273 wenigſten
601 1224 663 1266 mit
679 1228 741 1266 den
752 1227 899 1277 Haaren
916 1234 1001 1279 dazu

108 1269 264 1321 gezogen/
273 1274 343 1319 und
359 1275 541 1327 ſchrecklich
557 1280 635 1321 weit
650 1280 780 1329 geſucht
795 1281 894 1333 ſind/
906 1287 949 1327 ob
967 1299 1002 1328 er

108 1309 162 1361 ſich
177 1318 272 1369 ſchon
293 1323 348 1362 der
364 1321 534 1372 gemeinen
550 1324 725 1375 particulæ
741 1327 999 1373 conneƈtendi:

106 1360 175 1406 Als
197 1370 274 1410 wie
291 1367 525 1421 einmahlꝛc.
545 1376 644 1417 oder:
687 1377 758 1419 Es
775 1377 899 1431 faͤllet
920 1384 996 1423 mir

104 1409 253 1470 hierbey
271 1421 332 1459 ein
342 1431 387 1460 ꝛc.
398 1430 435 1471 zu
453 1422 612 1466 bedienen
630 1427 784 1477 pfleget:
806 1430 993 1481 Wodurch

106 1462 194 1510 dann
219 1473 283 1512 alle
312 1471 597 1523 Annehmlichkeit
617 1476 808 1522 verdirbet/
833 1491 933 1524 wenn
959 1487 999 1524 es

106 1521 183 1569 auch
199 1525 293 1575 ſchon
310 1527 436 1577 ſonſten
454 1536 500 1568 an
519 1532 588 1571 und
612 1527 665 1579 fuͤr
680 1534 741 1584 ſich
767 1535 898 1585 ſelbſten
922 1541 997 1581 eine

104 1570 380 1626 merckwuͤrdige/
402 1573 552 1629 nuͤtzliche
583 1583 662 1625 oder
686 1584 847 1626 curieuſe
865 1589 996 1637 Sache

103 1612 215 1662 waͤre/
240 1623 354 1664 indem
368 1625 435 1666 das
458 1623 561 1668 Leben
584 1629 643 1668 der
674 1629 934 1673 Converſation
959 1637 995 1675 in

102 1662 152 1707 der
169 1667 480 1726 Gleichfoͤrmigkeit
495 1679 554 1717 der
574 1677 803 1726 Gedancken/
817 1684 884 1724 und
907 1684 995 1724 einer

102 1707 158 1764 faſt
174 1720 258 1767 nicht
275 1732 313 1771 zu
329 1724 537 1767 merckenden
552 1722 812 1780 Veraͤnderung
832 1733 992 1785 beſtehet:

101 1762 192 1812 Man
217 1772 320 1824 muͤſte
337 1776 428 1816 dann
448 1774 482 1815 in
516 1775 573 1819 der
590 1778 883 1830 Verwunderung
910 1784 993 1824 uͤber

100 1807 148 1856 der
166 1820 386 1875 ungemeinen
396 1824 682 1879 Gezwungenheit
691 1831 758 1873 und
771 1831 989 1876 inimitablen
