1522 2283
114 439 185 480 von
197 438 272 484 Br.
283 439 329 478 N.
344 438 380 491 der
383 438 466 489 ſich
483 444 540 486 bey
558 441 601 472 N.
619 441 724 487 auffm
742 438 832 480 Land
848 438 1010 493 auffhaͤlt/

116 490 287 536 gefunden.
329 492 438 539 Selig
458 494 552 540 ſeynd
580 496 628 530 die
648 498 779 536 geiſtlich
803 504 873 530 arm
890 499 1003 537 ſeynd;

118 546 173 576 der
190 543 327 589 Hoͤchſte
352 541 431 595 ſegne
433 546 537 595 alles.
557 545 646 592 Daß
656 548 735 586 Ew.
747 549 779 585 L.
796 549 842 583 die
852 550 1006 584 Myſteria

118 586 253 630 Vaters
267 591 334 629 und
344 584 480 633 Sohns
497 595 584 638 nicht
596 597 762 635 begreiffen
773 599 867 642 kan/
888 596 923 645 iſt
938 596 1006 642 kein

118 636 306 677 Wunder:
332 638 401 685 Jch
422 641 505 677 kans
526 642 606 681 auch
628 647 713 681 nicht
736 650 904 680 gruͤnden;
926 648 1006 694 Der

117 687 207 733 Geiſt
215 689 341 731 Gottes
356 690 517 734 erforſchet
532 695 578 726 die
594 695 718 734 Tieffen
733 701 786 745 der
801 700 955 748 Gottheit
969 700 1005 740 in

113 731 249 779 uns/die
261 735 322 776 wir
322 737 446 775 Gottes
453 743 529 783 ldea
541 747 674 788 ſeyn/uñ
680 747 768 779 zeiget
778 750 844 787 uns
853 749 913 788 den
923 748 1009 798 Va⸗

118 787 164 821 ter
173 785 242 825 nun
246 782 285 834 in
295 783 358 833 dem
369 788 500 833 Sohn;
507 789 632 835 Moſes
641 794 712 842 aber
716 790 776 847 hat
783 797 838 842 ihn
846 800 901 843 am
901 796 1006 843 Berg

116 825 235 882 Sinai
237 829 360 885 anderſt
378 837 589 887 offenbahret/
608 844 744 877 welchen
760 847 806 871 die
825 846 1003 878 Jſraeliten

114 885 201 929 nicht
220 890 362 932 ertragen
383 885 545 938 koͤnnen/
554 892 641 926 waͤre
656 896 734 930 auch
757 897 790 925 in
808 902 859 925 der
882 897 1003 925 Natur

116 934 166 973 nie
176 932 319 982 offenbar
327 936 473 988 worden/
487 938 563 979 haͤtte
571 944 624 976 der
636 942 760 983 Teuffel
783 947 862 982 ſeine
888 948 1005 976 Behau⸗

116 977 200 1028 ſung
209 980 401 1036 bewahret/
402 988 473 1022 und
487 989 596 1024 Adam
611 994 698 1023 nicht
711 999 850 1031 darnach
861 993 1002 1046 geluſtet.

113 1032 184 1080 Jch
198 1033 274 1078 habe
290 1033 368 1078 auch
388 1034 472 1081 nicht
481 1042 621 1078 darnach
640 1051 839 1091 gehungert/
852 1049 937 1093 denn
955 1050 1003 1095 ich

114 1092 179 1123 nur
196 1087 274 1132 nach
288 1086 373 1129 Liebe
386 1086 531 1140 gejaget/
539 1094 610 1127 und
622 1094 703 1132 mich
718 1096 750 1136 in
761 1102 807 1139 die
827 1094 1005 1144 Wunden

115 1127 220 1178 JEſu
227 1128 378 1178 gaͤntzlich
386 1140 423 1178 zu
431 1139 595 1178 verbergen
603 1143 795 1187 getrachtet/
791 1151 917 1192 meynte
925 1149 1007 1190 auch

116 1186 202 1223 mein
220 1179 314 1225 Leben
329 1189 362 1223 in
371 1189 423 1225 der
439 1185 551 1228 Stille
560 1189 823 1230 hinzubringen/
847 1199 916 1240 und
933 1199 1009 1242 aller

115 1229 297 1277 Menſchen
308 1230 523 1278 Kundſchafft
531 1240 566 1276 zu
582 1240 728 1286 meyden;
731 1236 859 1289 Meine
870 1248 1011 1290 Gedan⸗

116 1278 185 1320 cken
203 1278 276 1319 aber
291 1285 400 1319 waren
421 1282 507 1324 nicht
522 1285 649 1320 Gottes
663 1287 882 1327 Gedancken/
899 1296 955 1334 der
972 1298 1009 1341 es

119 1327 190 1369 weit
205 1323 325 1381 anderſt
338 1330 512 1385 dirigiret/
507 1335 564 1380 und
591 1335 674 1370 mein
707 1337 845 1374 Concept
849 1347 1009 1390 wunder⸗

113 1375 173 1426 lich
189 1378 319 1429 verſetzet
332 1377 407 1426 hat;
435 1379 515 1425 Alſo
528 1381 607 1428 habe
629 1384 674 1427 ich
700 1384 759 1427 bey
781 1388 923 1427 Verluſt
948 1397 1008 1443 des

114 1428 271 1473 Ewigen/
271 1427 492 1488 gehorſamen/
507 1435 559 1487 und
571 1436 650 1476 mich
660 1437 693 1469 in
703 1436 779 1477 ſeine
788 1442 921 1476 Leitung
932 1446 1007 1477 ſchi⸗

114 1480 184 1518 cken
197 1479 336 1531 muͤſſen/
354 1480 407 1533 wie
414 1481 503 1528 ſauer
518 1485 552 1521 es
568 1487 648 1523 auch
657 1488 795 1534 meinem
795 1493 886 1534 alten
894 1492 1009 1521 Adam

117 1529 350 1575 angekommen
359 1529 406 1579 iſt.
454 1532 539 1575 Das
547 1535 706 1583 Paradiß
698 1538 747 1584 iſt
764 1541 889 1579 freylich
905 1547 1008 1589 lauter

114 1572 266 1626 Liebe/
286 1576 358 1617 aber
383 1580 431 1618 die
448 1585 543 1622 Thuͤr
558 1589 626 1615 und
640 1588 802 1638 Eingang
802 1593 842 1637 iſt
861 1594 925 1621 ſehr
939 1601 1008 1622 ang

116 1626 188 1662 und
197 1621 376 1678 aͤngſtlich/
382 1633 518 1674 welches
528 1636 576 1678 ein
588 1637 667 1673 jeder
685 1636 800 1672 ernſter
816 1649 884 1687 und
896 1640 1008 1693 ſtand⸗

118 1672 212 1719 veſter
212 1672 411 1729 Kaͤmpffer/
405 1682 452 1727 der
466 1686 524 1717 mit
533 1690 605 1735 dem
605 1687 738 1734 Cherub
748 1695 831 1736 wird
843 1700 1010 1743 gerungen

116 1719 235 1770 haben/
239 1720 388 1767 bekennen
400 1728 471 1770 ſoll:
486 1734 594 1780 Denn
609 1740 703 1785 Gott
716 1740 753 1788 iſt
761 1746 808 1784 ein
824 1746 1010 1793 verzehrend

114 1768 230 1819 Feuer,
242 1771 290 1822 und
306 1770 350 1823 ein
366 1777 500 1822 eiferiger
506 1789 614 1829 Gott/
646 1788 746 1828 Deut.4
756 1804 828 1834 /24.
839 1794 889 1844 Er
899 1796 1012 1842 durch⸗

114 1826 245 1873 bringet
265 1825 398 1875 Hertzen
426 1833 495 1869 und
515 1836 675 1882 Nieren:
706 1839 805 1887 Sein
823 1842 940 1888 Wort
971 1844 1009 1892 iſt

114 1871 283 1924 ſchaͤrpffer
303 1875 394 1915 dann
421 1881 504 1921 einig
538 1887 778 1931 zweyſchneidig
805 1898 1012 1942 Schwerdt/

114 1924 338 1983 Hebr.4/12.
343 1926 420 1977 Und
442 1933 554 1977 dancke
569 1941 702 1974 meinem
717 1941 836 1974 Gott/
853 1944 915 1970 daß
933 1946 1010 1976 ſeine
