1657 2243
650 423 717 469 43)
752 421 961 465 Gedanken
986 420 1078 463 uͤber
1103 426 1179 465 das
1200 421 1503 477 Spruͤchwort:

567 479 645 522 Ein
670 475 857 529 Prophet
883 476 960 526 gilt
983 478 1172 527 nirgends
1186 481 1378 529 weniger,
1403 481 1504 519 denn

565 535 606 567 in
625 531 756 578 ſeinem
771 526 1040 567 Vaterlande.
1090 527 1162 568 Sie
1179 530 1279 579 ſtehen
1308 530 1340 567 in
1363 535 1417 569 der
1437 529 1503 577 Zu⸗

566 586 647 630 gabe
665 591 734 628 zum
755 592 864 629 1753.
884 582 983 630 Jahre
1002 587 1056 619 der
1075 582 1327 632 hannoveriſchen
1346 582 1501 634 Anzeigen

565 641 642 683 No.
659 641 694 683 2.
721 635 776 676 Jn
790 636 901 675 dieſem
910 629 1045 675 Aufſatze
1058 630 1172 669 merket
1187 631 1250 678 Hr.
1259 623 1500 676 Dommerich

568 697 657 723 unter
677 693 796 723 andern
819 695 881 731 an,
900 687 964 733 daß
978 686 1026 722 die
1040 684 1178 733 Juden,
1203 687 1233 731 ſo
1249 687 1340 734 lange
1362 689 1401 737 ſie
1418 688 1502 736 Pro⸗

564 745 675 788 pheten
697 736 832 787 gehabt,
858 749 941 785 zwar
962 741 1009 787 oft
1030 740 1064 778 in
1087 740 1275 788 Abgoͤtterey
1298 741 1448 789 gefallen;
1466 743 1503 776 es

563 799 610 837 ſey
635 793 711 827 aber
735 787 968 839 unerweislich,
1003 791 1065 841 daß
1088 789 1211 833 Secten
1239 794 1303 829 und
1324 792 1502 842 Ketzereyen

564 851 655 882 unter
670 844 763 893 ihnen
780 843 956 892 entſtanden
979 842 1097 885 waͤren.
1149 845 1221 887 Die
1247 846 1373 896 Urſache
1398 851 1501 887 davon

563 905 602 954 iſt
619 904 714 952 dieſe:
749 904 821 946 Die
845 902 1027 952 Erklaͤrung
1042 907 1098 943 des
1123 904 1259 956 Geſetzes
1281 903 1422 955 geſchahe
1444 911 1501 940 un⸗

564 953 721 992 mittelbar
737 953 829 1002 durch
847 955 895 992 die
908 954 1102 1004 Propheten.
1152 953 1224 996 Die
1241 953 1356 1003 Juden
1371 954 1498 1005 mußten

561 1008 658 1046 daher
674 1008 759 1046 eines
781 1021 843 1046 von
863 1002 978 1042 beyden
1002 1000 1104 1046 thun:
1130 1012 1279 1045 entweder
1301 1003 1360 1053 den
1373 996 1503 1047 prophe⸗

561 1063 670 1111 tiſchen
685 1062 846 1113 Befehlen
861 1061 1028 1111 gehorchen
1051 1066 1115 1102 und
1136 1064 1186 1102 die
1205 1063 1429 1113 Auslegungen
1446 1070 1502 1099 an⸗

563 1118 713 1157 nehmen,
741 1113 790 1146 die
806 1113 844 1159 ſie
862 1110 938 1148 uͤber
955 1112 1016 1149 das
1039 1109 1141 1160 Geſetz
1157 1110 1316 1159 machten;
1340 1115 1414 1151 oder
1434 1109 1502 1158 ihre

562 1166 781 1209 Gottloſigkeit
820 1161 961 1209 offenbar
1001 1162 1179 1211 verrathen.
1251 1164 1314 1203 Als
1349 1164 1424 1203 aber
1450 1162 1500 1200 die

561 1218 776 1260 menſchlichen
792 1215 896 1265 Lehrer
913 1222 975 1255 das
989 1219 1092 1266 Geſetz
1106 1218 1293 1265 erklaͤreten,
1315 1218 1364 1257 die
1378 1220 1426 1264 oft
1441 1228 1501 1254 un⸗

561 1279 607 1309 ter
620 1272 677 1317 ſich
692 1269 778 1317 ſelbſt
794 1260 875 1315 nicht
892 1269 976 1316 einig
993 1277 1118 1314 waren,
1143 1270 1175 1316 ſo
1190 1270 1321 1317 mußten
1341 1270 1501 1319 nothwen⸗

558 1327 615 1370 dig
623 1324 749 1360 Secten
769 1325 833 1359 und
852 1320 1012 1368 Parteyen
1037 1319 1201 1371 entſtehen.
1253 1320 1400 1372 Chriſtus
1415 1320 1499 1372 giebt

559 1381 616 1421 ſich
635 1380 667 1410 in
684 1374 782 1420 ſeinen
799 1373 937 1414 Worten
953 1372 1003 1421 fuͤr
1019 1372 1104 1413 einen
1121 1373 1300 1423 Propheten
1315 1382 1386 1414 aus.
1414 1376 1499 1423 Pro⸗

559 1433 668 1472 pheten
685 1435 791 1461 waren
805 1426 862 1467 bey
875 1425 976 1475 ihrem
983 1425 1089 1466 Volke
1106 1425 1286 1475 angeſehene
1300 1428 1364 1465 und
1384 1424 1499 1474 gelehr⸗

559 1489 589 1516 te
609 1487 770 1521 Maͤnner.
821 1478 905 1517 Von
921 1476 1020 1524 ſeinen
1033 1476 1233 1516 Landsleuten
1250 1477 1324 1516 aber
1338 1480 1445 1517 wurde
1461 1484 1494 1512 er

558 1531 726 1571 verachtet,
749 1528 820 1564 weil
834 1530 872 1574 ſie
885 1540 929 1565 an
943 1529 1042 1572 ſeinen
1055 1528 1179 1574 Thaten
1192 1528 1291 1573 nichts
1306 1532 1409 1570 weiter
1420 1532 1498 1567 aus⸗

559 1585 681 1625 zuſetzen
703 1582 828 1623 hatten,
858 1579 909 1614 als
935 1579 999 1624 daß
1022 1578 1062 1623 ſie
1087 1576 1168 1623 nicht
1187 1585 1250 1617 von
1271 1580 1355 1618 einer
1373 1577 1494 1628 Perſon

558 1649 622 1672 von
641 1637 741 1671 einem
765 1634 882 1671 andern
906 1632 1118 1682 Herkommen
1138 1636 1329 1683 angetroffen
1351 1637 1491 1672 wurden.

557 1695 612 1722 Es
633 1693 699 1728 ſind
721 1685 796 1724 auch
814 1684 942 1729 Klagen
964 1682 1017 1718 der
1036 1681 1201 1729 weltlichen
1216 1682 1433 1724 Scribenten,
1462 1675 1492 1721 ſo

556 1748 640 1779 wohl
656 1745 711 1769 der
729 1741 882 1778 Griechen
903 1737 954 1768 als
970 1737 1024 1769 der
1045 1734 1189 1779 Roͤmer,
1209 1736 1284 1772 uͤber
1309 1735 1360 1772 die
1383 1728 1491 1769 Unbil⸗

557 1800 661 1837 ligkeit
677 1797 732 1826 des
749 1794 967 1829 Vaterlandes
983 1799 1081 1835 gegen
1095 1790 1254 1838 geſchickte
1262 1796 1326 1830 und
1333 1786 1488 1829 verdiente

552 1858 673 1909 Soͤhne
690 1856 899 1906 beygebracht.

631 1930 697 1975 44)
724 1928 791 1969 Ein
806 1926 925 1978 Aufſatz
940 1934 1002 1967 von
1016 1930 1073 1968 des
1086 1925 1303 1980 Putherbei
1311 1925 1489 1978 Theotimo.

550 1987 605 2040 Er
620 1990 700 2021 ſteht
711 1988 756 2029 im
781 2001 837 2031 17.
856 1982 975 2028 Stuͤcke
990 1993 1045 2018 des
1061 1978 1316 2022 hamburgiſchen
1336 1960 1489 2018 geſamm⸗

548 2045 627 2082 leten
642 2040 884 2095 Briefwechſels
904 2048 958 2085 der
974 2043 1144 2093 Gelehrten
1156 2052 1222 2083 von
1240 2042 1351 2078 1751.
