1768 2472
688 603 862 655 GOttes/
872 601 941 640 und
956 593 1179 646 allgemeiner/
1193 589 1370 644 ſonderlich
1385 588 1465 631 aber
1482 589 1537 628 der
1555 586 1612 626 lie⸗

687 662 751 703 ben
758 657 902 709 Jugend
913 652 1122 703 Chriſtlicher
1131 649 1320 696 Erbauung
1338 656 1409 694 zum
1417 643 1542 689 Druck
1556 652 1613 688 ge⸗

686 711 825 759 geben/
823 710 893 749 und
907 706 986 747 Sr.
995 694 1220 752 Hochfuͤrſtl.
1231 688 1385 747 Durchl.
1397 693 1527 743 Herrn
1535 691 1619 733 An⸗

687 773 762 806 ton
778 753 1019 810 Guͤnthern/
1039 750 1182 806 Fuͤrſten
1194 764 1231 803 zu
1247 749 1378 799 Anhalt
1391 759 1434 790 ꝛc.
1446 759 1489 787 ꝛc.
1504 750 1620 787 unter⸗

690 813 837 868 thaͤnigſt
851 811 1023 855 dediciret
1044 816 1113 850 von
1126 804 1278 855 Auguſt
1290 802 1481 852 Hermann
1498 797 1621 850 Fran⸗

690 869 783 909 cken.
833 860 968 908 Andere
975 857 1141 900 Edition.
1150 867 1246 895 12ᵐᵒ.
1263 861 1285 897 8
1299 856 1368 896 und
1378 852 1430 894 ein
1440 849 1551 900 halber
1561 847 1623 891 B.

739 916 894 969 Auguſt
909 914 1105 965 Hermann
1121 909 1327 960 Franckens
1345 901 1624 957 Schriftmaͤßige

691 966 926 1021 Anweiſung
943 963 1046 1013 recht
1055 964 1124 1005 und
1132 954 1243 1007 GOtt
1259 952 1482 1007 wohlgefaͤllig
1500 964 1546 1001 zu
1565 953 1627 992 be⸗

693 1025 786 1073 ten/
802 1015 894 1075 nebſt
920 1012 1030 1064 einem
1039 1013 1249 1066 Rieliſchen
1264 1008 1448 1060 Reſponſo
1472 1010 1524 1051 die
1546 1007 1625 1049 Ge⸗

694 1074 832 1128 wißheit
844 1073 915 1116 und
931 1065 1185 1120 Verſicherung
1200 1067 1260 1108 der
1275 1057 1507 1114 Erhoͤrung
1483 1053 1543 1102 des
1546 1058 1625 1103 Ge⸗

695 1130 770 1174 bets
790 1117 1009 1179 betreffend.
1031 1114 1160 1172 Vierte
1168 1115 1335 1165 Edition.
1342 1110 1429 1166 24ᵗᵒ.
1434 1101 1548 1163 13.B.

745 1164 949 1233 Erbauliche
949 1165 1180 1226 Nachricht
1188 1166 1252 1217 von
1261 1167 1326 1210 den
1340 1164 1482 1209 milden
1496 1161 1633 1212 Schu⸗

698 1235 773 1277 len/
780 1226 943 1283 neulicher
956 1226 1031 1283 Zeit
1050 1220 1081 1269 in
1102 1218 1185 1270 und
1194 1232 1265 1266 um
1284 1217 1454 1265 Londen
1465 1204 1639 1268 errichtet/

697 1285 925 1348 beſtehend

752 1354 780 1382 1.
787 1336 847 1389 Jn
855 1333 942 1380 einer
950 1325 1139 1388 Predigt/
1146 1326 1267 1380 welche
1282 1326 1344 1377 bey
1354 1325 1410 1368 der
1425 1317 1533 1372 erſten
1551 1322 1633 1366 Ver⸗

700 1389 899 1448 ſammlung
908 1388 1015 1440 derer/
1022 1387 1082 1431 die
1089 1384 1213 1440 ſolches
1230 1378 1486 1430 Liebes⸗wercks
1493 1374 1561 1431 ſich
1569 1383 1634 1419 an⸗

699 1440 915 1506 genommen/
925 1434 1089 1501 gehalten
1086 1440 1247 1484 worden/
1255 1438 1342 1479 und

758 1514 793 1541 2.
806 1496 841 1531 in
860 1499 967 1537 einem
979 1483 1233 1542 ausfuͤhrlichen
1240 1475 1420 1538 Bericht/
1447 1473 1505 1527 was
1523 1480 1561 1517 es
1570 1470 1633 1516 mit

701 1552 823 1609 ſolcher
851 1546 972 1596 milden
994 1541 1143 1602 Schulen
1162 1534 1367 1595 Urſprung/
1370 1528 1556 1590 Zuſtand/
1558 1532 1633 1573 An⸗

702 1609 801 1658 zahl/
799 1599 953 1653 Geſetzen
970 1599 1040 1638 und
1055 1590 1294 1644 Ordnungen/
1309 1586 1366 1638 fuͤr
1384 1586 1454 1630 eine
1465 1576 1636 1638 Beſchaf⸗

704 1665 827 1719 fenheit
827 1663 940 1708 habe:

756 1709 814 1759 Zu
828 1696 1043 1751 Chriſtlicher
1058 1692 1314 1743 Ermunterung
1330 1694 1400 1731 und
1420 1681 1636 1734 Nachfolge/

708 1768 776 1803 aus
794 1758 870 1799 dem
884 1752 1099 1807 Engliſchen/
1113 1748 1153 1799 zu
1158 1748 1292 1793 Londen
1310 1732 1516 1802 gedruckten
1532 1729 1634 1791 Exem⸗

708 1815 784 1859 plar
803 1802 936 1856 treulich
953 1799 1130 1855 uͤberſetzet.
1147 1802 1252 1839 12mo.
1271 1810 1285 1845 3
1293 1797 1364 1838 und
1371 1795 1425 1836 ein
1432 1792 1547 1843 halber
1555 1787 1612 1831 B.

759 1861 935 1904 Johann
946 1847 1168 1899 Hieronymi
1178 1844 1408 1895 Wieglebs/
1408 1837 1563 1878 Diaconi
1570 1828 1641 1873 und

708 1916 881 1956 Rectoris
904 1920 942 1961 zu
957 1905 1141 1959 Glaucha
1149 1911 1200 1948 an
1216 1901 1340 1953 Halle/
1340 1897 1596 1950 Vorſtellung
1601 1896 1642 1935 1.

710 1973 777 1999 der
785 1961 1045 2007 Hinderniſſen
1053 1959 1120 1993 der
1127 1955 1367 1999 Bekehrung
1378 1947 1448 1985 und
1464 1945 1526 1985 des
1540 1932 1645 1987 Chri⸗

710 2021 930 2064 ſtenthums/
937 2015 1059 2059 ſammt
1078 2007 1141 2046 den
1162 2003 1412 2053 gewoͤhnlichen
1423 1992 1646 2048 Ausfluͤchten

713 2092 771 2119 der
776 2080 890 2117 Leute.
927 2080 950 2112 2.
990 2068 1057 2098 der
1073 2053 1450 2105 uͤberſchwenglichen
1462 2039 1651 2093 Herrlich⸗

715 2114 803 2167 keit
813 2108 880 2164 des
887 2119 1117 2160 Evangelii/
1127 2112 1204 2163 und
1213 2106 1272 2146 der
1286 2100 1496 2152 mancherley
1511 2095 1575 2145 Liſt
1590 2096 1652 2128 des
