2172 2642
115 413 190 460 chen
198 417 235 453 es
242 412 366 461 heiſſet:
387 412 480 453 Non
487 411 606 453 ubivis
616 418 835 459 occurrunt,
842 412 885 464 ſie
891 416 1041 457 kommen
1048 415 1133 463 nicht
1139 417 1435 466 allenthalben
1368 412 1439 470 vor,
1450 415 1523 465 ſon⸗

118 467 189 504 dern
203 467 235 515 es
246 464 311 504 will
338 464 384 511 hin
404 467 455 504 und
470 464 585 505 wieder
598 465 632 506 in
652 461 696 512 der
705 466 808 509 Welt
820 467 961 511 darnach
973 465 1099 513 gereiſet
1115 467 1207 516 ſeyn,
1237 470 1288 512 ehe
1315 477 1374 507 man
1389 469 1567 514 derglei⸗

117 515 189 554 chen
197 520 233 555 zu
242 510 329 557 ſehen
344 511 528 551 bekommen
535 508 623 564 kan;
632 511 749 558 welche
762 515 840 553 aber
850 515 926 558 doch
944 516 1005 554 viel
1015 513 1114 563 ſolche
1126 515 1315 565 Paſſagiers
1328 517 1396 555 und
1405 507 1521 559 Welt⸗

116 563 264 607 Guckers
273 563 356 610 nicht
363 565 483 604 anders
497 566 553 604 als
564 564 631 603 eine
641 566 717 611 Kuh
731 565 782 606 ein
795 572 895 607 neues
902 566 1002 613 Thor
1015 565 1167 613 anſehen,
1186 569 1254 606 und
1273 570 1394 607 anders
1414 569 1525 612 nichts

113 614 223 650 davon
243 611 395 660 bringen,
425 612 482 652 als
496 613 563 659 daß
579 612 620 660 ſie
628 613 662 652 in
670 614 758 660 ihren
772 612 1046 662 Reiß⸗Journal
1060 619 1138 656 oder
1147 615 1447 665 Schreib⸗Taffel
1455 620 1520 659 den

114 663 249 700 Datum
258 662 327 702 und
336 658 417 709 Tag
426 661 584 708 anzeigen,
596 669 698 703 wann
707 664 746 711 ſie
762 663 894 713 daſelbſt
909 663 1049 713 geweſen
1062 663 1146 712 ſeyn,
1163 667 1230 704 und
1247 671 1325 705 was
1336 666 1394 713 ſich
1404 671 1515 708 etwan

114 712 179 758 hier
200 713 253 751 und
271 714 339 759 dar,
357 712 407 756 bey
419 711 632 759 Gelegenheit
641 712 754 762 ſolcher
760 714 1003 763 Beſichtigung,
1017 713 1140 758 moͤchte
1150 718 1338 761 zugetragen
1347 716 1463 760 haben.

204 756 379 804 Hingegen
383 756 494 809 machet
512 753 578 810 ſich
589 756 640 796 ein
652 757 806 798 curioſer
816 761 959 801 Plinius,
968 761 1021 798 der
1035 755 1120 800 nicht
1130 761 1224 800 allein
1239 760 1300 809 ſein
1310 763 1404 808 Auge
1415 761 1512 808 durch

108 802 284 853 Anſehung
294 805 410 853 ſolcher
422 799 678 853 Seltenheiten,
699 805 833 854 ſondern
844 808 924 851 auch
936 807 997 855 ſein
1011 799 1162 853 Gemuͤth
1179 818 1217 855 zu
1233 806 1435 856 vergnuͤgen,
1460 809 1510 849 die

110 857 270 898 Wunder
287 860 341 898 der
358 857 479 898 Natur
495 867 533 904 zu
549 857 754 905 admiriren,
784 858 859 898 und
876 858 977 908 ſeinen
994 860 1165 910 Verſtand
1175 865 1207 899 in
1226 859 1366 906 fernerer
1380 863 1446 900 und
1456 870 1510 908 ge⸗

109 908 248 945 nauerer
264 903 503 954 Unterſuchung
517 904 672 954 derſelben
687 916 725 953 zu
737 908 915 948 excoliren
929 907 1041 955 ſuchet,
1067 909 1155 950 einen
1172 908 1261 956 ſchon
1272 909 1412 958 groͤſſern
1428 912 1510 952 Nu⸗

110 956 171 999 tzen
189 952 240 1005 und
230 954 402 1004 tiefferes
416 955 568 1002 Einſehen
576 956 695 1000 davon,
704 965 806 995 wann
816 964 849 994 er
860 956 916 1002 bey
928 958 1140 1003 Erblickung
1149 956 1351 1004 praͤchtiger
1360 959 1510 1009 Schloͤſ⸗

108 1002 159 1049 ſer
168 1006 241 1040 und
250 1002 478 1048 Reſidentzen
492 1002 581 1045 wohl
591 1003 775 1049 betrachtet,
783 1006 876 1043 deren
888 1005 1049 1043 Structur
1057 1008 1124 1045 und
1134 1006 1326 1049 Situation,
1335 1009 1396 1046 den
1405 1007 1510 1049 Bau⸗

108 1050 223 1097 Herrn
237 1055 303 1091 und
315 1051 533 1098 dermahligen
545 1051 684 1100 Beſitzer
695 1053 869 1103 derſelben;
895 1056 951 1098 bey
960 1055 1138 1102 frembder
1149 1057 1345 1095 Nationen
1356 1059 1509 1096 Kleider

108 1103 183 1139 und
192 1099 493 1150 Lebens ⸗ Arten,
506 1102 571 1147 ihre
585 1101 831 1150 Bequem⸗oder
845 1103 1160 1152 Unbeqvemlichkeit,
1174 1103 1277 1149 ferner
1292 1106 1404 1151 ſolcher
1416 1107 1509 1149 Voͤl⸗

109 1147 175 1187 cker
188 1150 369 1188 Humeur,
381 1149 549 1188 Naturell
562 1153 628 1189 und
641 1151 1033 1192 Leibes⸗Conſtitution,
1056 1154 1123 1191 und
1136 1155 1200 1191 das
1208 1158 1284 1192 was
1295 1154 1353 1197 bey
1363 1154 1444 1200 ihrer
1453 1153 1509 1193 Le⸗

108 1199 288 1240 bens ⸗ Art
300 1204 368 1240 aus
386 1198 546 1247 geſunden
568 1201 965 1252 Vernunfft ⸗ Schluͤſſen
985 1205 1053 1242 und
1072 1203 1301 1247 Erwegungen
1317 1206 1508 1251 ruhm⸗oder

110 1246 419 1296 ſcheltens ⸗ wuͤrdig
429 1248 487 1296 iſt;
511 1251 569 1295 bey
579 1249 754 1296 ſeltzamen
763 1252 934 1299 Thieren,
947 1252 1041 1291 deren
1057 1251 1331 1300 Eigenſchafften,
1351 1255 1420 1292 und
1428 1258 1509 1294 was

109 1302 170 1332 vor
182 1294 271 1335 einen
294 1294 471 1341 Gebrauch
489 1298 537 1335 die
550 1296 644 1336 Leute
656 1296 840 1346 deſſelbigen
852 1298 937 1337 Orts
955 1299 1065 1337 davon
1086 1299 1241 1342 machen;
1267 1299 1324 1343 bey
1338 1297 1507 1344 beruͤhm⸗

109 1353 171 1384 ten
184 1338 423 1390 See ⸗ Haͤven
436 1341 503 1387 und
516 1345 729 1394 Veſtungen
742 1346 910 1393 abermahl
923 1349 987 1394 ihre
998 1349 1190 1390 Situation,
1203 1350 1383 1393 Structur,
1397 1349 1510 1391 Staͤr⸗

111 1395 158 1434 cke
171 1398 238 1433 und
249 1393 458 1443 Schwaͤche,
477 1393 649 1444 ingleichen
660 1402 739 1437 was
754 1397 805 1438 die
821 1396 944 1439 Natur
958 1399 1025 1437 und
1036 1397 1145 1447 Kunſt
1159 1398 1253 1443 ihnen
1268 1398 1425 1445 gegeben,
1446 1401 1509 1439 den

111 1444 270 1490 Vortheil
283 1445 343 1483 den
352 1439 399 1496 ſie
413 1442 553 1492 ſchaffen,
564 1447 640 1485 und
652 1446 708 1487 der
719 1443 898 1493 Gebrauch
918 1440 974 1492 der
982 1447 1090 1488 davon
1102 1447 1277 1495 gemachet,
1292 1449 1373 1493 auch
1385 1448 1448 1487 wie
1462 1448 1510 1491 ih⸗

105 1493 143 1540 re
151 1483 387 1541 Unterhaltung
402 1484 549 1541 beſorget
553 1487 649 1540 wird;
656 1489 734 1537 bey
734 1489 874 1537 Ruinen
874 1498 969 1530 und
969 1491 1218 1537 Antiquitaͤten
1218 1491 1326 1540 ihren
1326 1492 1520 1540 vormahli⸗

108 1543 181 1579 gen,
194 1539 262 1572 und
271 1542 338 1575 aus
348 1534 437 1580 ihren
458 1532 616 1588 nunmehro
624 1524 1203 1593 verfallenen
849 1524 971 1591 Zuſtand
992 1525 1067 1588 noch
1088 1532 1198 1587 einiger
1215 1530 1338 1590 maſſen
1355 1532 1507 1591 abzuneh⸗

107 1588 239 1633 menden
259 1585 463 1634 Splendeur,
480 1582 557 1635 nach
573 1583 627 1634 den
636 1584 818 1626 bekannten
818 1584 930 1627 Vers:
958 1586 1072 1622 Roma
1080 1585 1215 1633 quanta
1226 1585 1307 1628 fuit,
1319 1587 1388 1633 ipſa
1400 1587 1504 1626 ruina

109 1636 236 1666 docet.
286 1635 390 1670 ltem,
403 1630 452 1668 die
464 1639 509 1671 an
521 1631 640 1678 ſolchen
657 1629 795 1672 Ruinen
811 1636 928 1673 etwan
936 1632 1018 1679 noch
1028 1632 1229 1679 befindliche,
1247 1638 1315 1673 und
1327 1634 1360 1672 in
1377 1635 1424 1673 die
1438 1634 1505 1675 alte

111 1683 305 1719 Hiſtoriam
316 1679 420 1725 hinein
436 1677 589 1728 fuͤhrende
602 1680 873 1726 Inſcriptiones,
887 1683 956 1721 &c.
982 1682 1040 1727 bey
1058 1675 1096 1729 ſo
1094 1683 1310 1731 mancherley
1324 1686 1506 1731 Reiß⸗Ar⸗

111 1737 171 1764 ten
182 1734 255 1763 und
266 1731 479 1771 Herbergen,
490 1729 538 1765 die
545 1729 652 1765 daran
662 1737 698 1775 zu
706 1728 853 1774 findende
860 1723 1506 1779 Bequem ⸗ oder Unbequemlichkeiten;

111 1781 190 1818 Bey
199 1777 702 1823 praͤchtigen
424 1777 685 1827 Hof⸗Haltungen
711 1774 843 1824 zugleich
853 1778 912 1817 den
920 1769 1049 1824 gantzen
1056 1776 1231 1824 Hof⸗Etat
1240 1787 1304 1819 von
1312 1779 1425 1827 Herrn
1435 1782 1505 1820 und

111 1830 271 1871 Dienern,
282 1828 381 1874 deſſen
393 1827 612 1872 Einrichtung,
624 1830 699 1872 gute
708 1830 782 1868 oder
788 1827 929 1877 ſchlechte
940 1829 1119 1876 Ordnung,
1139 1828 1188 1867 die
1198 1830 1300 1874 dabey
1313 1841 1350 1877 zu
1364 1831 1507 1870 deſide-

113 1880 236 1913 rirende
248 1876 504 1922 Verbeſſerung,
515 1876 705 1923 ingleichen,
718 1881 794 1914 was
811 1876 861 1915 als
878 1872 966 1922 etwas
996 1876 1150 1924 loͤbliches
1161 1880 1278 1924 daran,
1296 1878 1376 1923 auch
1391 1880 1506 1918 ander⸗

113 1931 213 1962 werts
227 1926 429 1971 einzufuͤhren
441 1924 513 1972 ſeyn
529 1925 673 1970 moͤchte;
705 1927 762 1972 bey
784 1926 967 1972 koſtbaren
979 1927 1148 1973 Kirchen,
1165 1925 1378 1975 Thuͤrmen,
1399 1926 1504 1970 Bruͤ⸗

115 1977 193 2010 cken
206 1979 277 2009 und
299 1974 465 2017 Haͤuſern,
484 1971 639 2020 (welche,
657 1973 720 2012 wie
731 1972 811 2016 auch
825 1972 874 2011 die
886 1978 991 2021 gantze
1004 1973 1122 2017 Stadt
1134 1977 1202 2015 und
1214 1976 1308 2017 deren
1321 1977 1505 2016 Situation

114 2026 198 2068 recht
210 2032 246 2067 zu
262 2024 448 2071 uͤberſehen,
463 2033 501 2063 er
513 2024 573 2072 ſich
583 2026 632 2065 die
640 2025 752 2073 Muͤhe
754 2017 835 2074 nicht
849 2017 1026 2073 verdrieſſen
1044 2025 1120 2074 laͤſt,
1133 2025 1199 2070 auf
1207 2027 1256 2066 die
1265 2026 1386 2075 hoͤchſte
1393 2026 1508 2074 Thuͤr⸗

115 2080 167 2104 me
182 2081 218 2112 zu
230 2074 365 2115 ſteigen)
386 2073 450 2111 ihre
469 2068 687 2117 magnifique
702 2071 851 2117 antique
862 2072 937 2109 oder
948 2071 1140 2109 moderne,
1154 2071 1304 2118 bequeme
1315 2076 1390 2112 oder
1404 2073 1555 2113 unbe⸗

116 2129 227 2160 queme
243 2123 413 2156 Structur,
429 2120 617 2153 Situation,
642 2118 707 2156 und
716 2115 926 2163 dergleichen;
970 2116 1028 2161 bey
1040 2110 1338 2166 merckwuͤrdigen
1349 2120 1512 2165 Wegen,

115 2169 434 2215 Land ⸗ Straſſen
443 2172 515 2206 und
524 2167 876 2217 Waſſer ⸗ Fahrten,
905 2168 1097 2220 dergleichen
1097 2168 1166 2221 um
1180 2170 1276 2211 Rom
1299 2174 1412 2217 herum
1435 2174 1506 2212 Via

115 2221 248 2263 Appia,
263 2219 420 2258 Æmilia,
431 2215 585 2260 Valeria,
600 2216 759 2260 Aurelia,
769 2217 939 2256 Flaminia
958 2216 1030 2260 &c.
1045 2224 1170 2267 waren,
1185 2209 1349 2272 derſelben
1371 2210 1507 2267 Stiffter
