1764 2518
336 274 433 333 uͤber
471 272 832 335 1B.Moſ.22,1.

986 286 1056 343 29

110 382 282 442 Juͤnger:
314 388 461 436 Wollet
481 390 537 445 ihr
555 387 646 447 auch
659 388 881 443 weggehen?
904 381 1044 449 Aergert

109 446 149 486 es
164 443 275 502 euch?
296 445 356 492 Es
373 445 415 499 iſt
430 446 506 492 eine
514 446 642 501 Probe
658 441 718 502 fuͤr
734 446 860 500 unſern
871 445 1063 505 Glauben,

110 513 155 554 ob
176 512 252 561 ihm
274 516 346 557 das
359 512 479 559 Wort
492 511 588 566 Jeſu
612 511 711 568 mehr
734 512 822 566 gilt,
852 512 913 556 als
938 513 1060 566 eigene

106 567 291 624 Einſicht,
320 573 403 613 oder
422 567 597 627 vielleicht
615 576 676 616 der
694 567 879 627 Wunſch,
907 571 980 624 daß
1001 574 1059 617 die

83 626 262 686 Sachen
275 629 341 687 ſich
359 632 496 675 anders
511 630 697 685 verhalten
712 629 889 687 moͤchten.
948 633 1058 681 Bald

108 688 219 742 hoͤren
240 691 310 736 wir
331 692 370 736 in
391 695 458 736 den
473 690 745 749 Vorſchriften,
775 693 830 737 die
849 698 916 738 den
934 693 1059 741 Wan⸗

106 754 162 796 del
176 759 235 799 der
249 752 419 810 Chriſten
435 754 526 811 nach
540 760 621 799 dem
634 754 779 803 Willen
795 759 871 799 und
884 755 1059 812 Exempel

105 809 205 864 ihres
224 811 350 869 Herrn
379 813 500 860 bilden
519 811 648 870 ſollen,
675 822 749 859 von
770 813 973 871 Pflichten,
1003 816 1059 860 die

106 871 171 928 bey
186 874 299 929 ihrem
317 876 427 930 erſten
442 874 593 924 Anblick
614 878 671 922 ein
694 874 885 933 ſchwehres
896 873 997 932 Joch
1014 885 1058 932 zu

105 922 185 979 ſeyn
197 928 373 984 ſcheinen,
387 934 463 974 und
478 930 555 976 eine
562 927 716 985 Buͤrde,
732 937 920 975 worunter
935 932 1059 986 unſere

105 989 320 1051 Ohnmacht
340 998 460 1039 werde
480 995 633 1048 erliegen
653 992 800 1049 muͤſſen.
860 998 916 1044 Er
938 997 1057 1052 heiſſet

105 1061 181 1102 uns
209 1059 265 1104 die
285 1059 394 1106 Welt
415 1063 492 1104 und
511 1063 588 1104 uns
611 1060 708 1113 ſelbſt
728 1059 962 1113 verleugnen,
998 1062 1057 1104 die

105 1109 240 1165 Feinde
265 1115 401 1168 lieben,
430 1118 499 1158 den
519 1116 620 1160 alten
638 1115 834 1172 Menſchen
861 1114 1058 1170 kreuzigen,

105 1180 242 1235 unſerer
256 1177 418 1239 ſtaͤrkſten
431 1179 630 1238 Neigung,
652 1188 760 1229 wenn
775 1180 819 1240 ſie
833 1179 990 1243 ſuͤndlich
1002 1184 1059 1240 iſt,

1073 385 1140 447 Joh.
1152 399 1181 438 6,
1192 402 1235 432 61.

1128 443 1174 482 67.

983 1254 1059 1295 ent⸗

145 1360 196 1390 vor
217 1355 382 1399 Abrahams
400 1357 495 1401 Zeiten
517 1364 572 1394 von
593 1359 654 1394 dem
674 1356 785 1399 Koͤnige
807 1355 1002 1402 Tethmoſis
1024 1361 1056 1395 in

143 1391 286 1438 Aegypten
305 1394 483 1439 abgeſchaffet
498 1397 627 1440 geweſen.
666 1399 781 1439 Welche
799 1398 972 1441 Nachricht,
990 1402 1056 1435 was

144 1437 188 1472 die
202 1441 301 1481 Sache
318 1441 393 1484 ſelbſt
406 1440 521 1483 betrift,
542 1440 595 1481 auf
608 1441 662 1476 das
674 1440 798 1484 Zeugniß
811 1443 860 1477 des
873 1443 1055 1486 Manetho

147 1474 225 1517 beym
231 1479 418 1525 Euſebius,
426 1484 466 1515 im
480 1484 557 1516 16ten
564 1484 637 1526 Cap.
647 1485 698 1516 des
710 1484 814 1517 vierten
820 1483 921 1525 Buchs
931 1490 1056 1525 præpar.

147 1534 240 1570 euang.
256 1529 304 1571 ſich
319 1528 452 1572 gruͤndet;
474 1530 564 1571 auch,
583 1531 651 1572 nach
665 1533 727 1567 dem
740 1531 844 1572 Urtheil
858 1533 905 1570 der
914 1532 1057 1576 Verfaſſer

146 1560 191 1596 der
211 1567 387 1608 allgemeinen
407 1570 623 1611 Welt⸗Hiſtorie
641 1573 668 1609 §.
686 1577 745 1608 539.
767 1574 817 1601 des
836 1574 918 1610 erſten
936 1574 1054 1612 Theils,

145 1607 227 1648 durch
242 1614 285 1647 ein
298 1619 362 1647 vom
376 1614 541 1655 Plutarch
557 1615 754 1654 beſchriebenes
774 1618 965 1655 prieſterliches
981 1621 1057 1652 Sie⸗

144 1658 187 1691 gel
212 1658 351 1701 beſtaͤtiget
371 1663 451 1696 wird.
493 1660 577 1703 Doch
598 1660 686 1704 heiſſet
708 1662 789 1703 beym
810 1660 982 1706 Euſebius
1006 1667 1055 1698 der

143 1697 241 1735 Name
255 1703 306 1736 des
311 1698 438 1745 Koͤniges
445 1702 596 1742 Amoſis,
605 1705 720 1743 welchen
730 1704 906 1745 Joſephus
951 1707 1054 1745 Thmu⸗

149 1739 277 1781 thoſis,
293 1746 393 1780 andere
412 1745 550 1784 Amaſis
564 1752 681 1780 nennen,
723 1751 769 1780 S.
785 1747 906 1793 Franc.
919 1754 1053 1788 Vigers

144 1776 321 1826 Anmerkung
345 1793 377 1825 zu
401 1790 552 1828 erwehnter
574 1791 671 1824 Stelle
695 1792 744 1821 des
767 1789 968 1829 Euſebius,
996 1796 1053 1822 und

148 1822 314 1874 Scaliger
336 1831 404 1866 uͤber
424 1834 489 1865 eben
507 1835 593 1872 dieſen
612 1835 812 1873 Schriftſteller
838 1838 883 1869 S.
899 1845 935 1873 23.
984 1839 1054 1868 Wie

145 1873 236 1912 wenig
249 1874 315 1922 aber
336 1876 379 1910 die
394 1877 420 1913 ſo
436 1882 589 1915 genannten
604 1878 839 1920 typhoniſchen
851 1883 961 1919 Opfer,
980 1886 1055 1910 wor⸗

144 1914 197 1954 auf
211 1913 258 1957 ſich
278 1918 362 1958 ſolche
383 1920 538 1959 Nachricht
558 1923 695 1960 beziehet,
723 1925 776 1952 mit
796 1925 843 1954 der
865 1924 1055 1960 Begebenheit

144 1952 249 1995 Jſaacs
256 1959 419 2000 Aehnliches
434 1965 541 2000 haben,
564 1966 594 2002 iſt
623 1968 673 1995 vom
700 1979 852 2002 Witſius,
866 1970 920 1995 und
936 1969 1054 1999 andern,

146 1999 222 2040 ſchon
242 2005 398 2045 angemerkt
416 2009 537 2040 worden.
587 2011 674 2044 Einer
694 2012 798 2041 andern
821 2010 974 2047 Nachricht
994 2016 1052 2043 von

143 2044 437 2090 Menſchen⸗Opfern,
453 2051 552 2087 welche
562 2053 607 2084 die
620 2055 760 2092 Aegypter
776 2055 837 2083 dem
853 2054 908 2084 Nil
923 2056 1054 2091 gebracht

144 2084 234 2124 haben
254 2088 357 2129 ſollen,
379 2097 481 2123 wovon
502 2096 542 2124 im
562 2096 644 2130 erſten
659 2098 742 2132 Theil
763 2099 809 2124 der
831 2099 940 2131 allgem.
958 2100 1053 2128 Welt⸗

143 2129 219 2176 Hiſt.
236 2133 265 2175 §.
273 2141 331 2171 423.
358 2132 539 2174 Erwehnung
560 2140 725 2177 geſchiehet,
746 2140 827 2175 fehlet
847 2144 891 2174 es,
915 2146 967 2171 wie
986 2147 1052 2173 eben

145 2175 258 2219 daſelbſt
282 2177 298 2219 §
309 2185 366 2216 539.
388 2180 508 2215 erinnert
527 2183 575 2222 iſt,
594 2189 633 2215 an
649 2184 808 2221 Zeugniſſen
831 2187 902 2217 alter
921 2189 1053 2225 Schrift⸗

143 2210 236 2254 ſteller.
