3275 4283
336 577 403 618 und
422 576 536 626 Weiß,
566 582 624 619 wie
643 587 695 619 der
710 580 966 628 Friedensſchluß
988 584 1067 620 Art.
1091 584 1144 619 16.
1164 581 1191 626 §.
1213 582 1322 631 Quod
1340 584 1362 619 ſi
1382 585 1485 621 etiam
1502 583 1793 620 reſtituendorum
1813 584 1878 619 &c.
1899 593 1963 621 von
1981 584 2187 629 Supplican⸗

335 637 391 667 ten
413 629 531 676 geſucht
550 632 695 677 worden)
721 631 912 678 unterdeſſen
928 632 1197 678 unpraͤjudicirlich
1212 632 1318 680 zuruck
1331 633 1502 679 gehalten,
1532 638 1604 670 oder
1622 632 1755 680 ſelbige,
1779 638 1844 670 und
1861 634 1936 680 falls
1961 636 2053 681 ſolche
2075 635 2190 672 bereits

337 682 435 719 wider
448 681 539 726 beſſer
549 681 731 729 Verhoffen
746 683 877 720 erkannt
892 682 963 730 ſeyn
980 682 1077 727 ſollte,
1094 682 1300 731 hierzwiſchen
1317 682 1509 730 aufgehebt,
1516 689 1582 721 und
1592 683 1654 725 alſo
1672 683 1776 721 beeder
1787 684 1880 733 Theil
1890 685 2108 732 Abgeordnete
2128 680 2190 729 auf

335 727 447 772 hieſige
467 728 653 775 veranlaßte
672 729 855 766 Tractatus
873 728 1039 772 verwieſen
1058 733 1213 771 werden;
1251 733 1364 767 darum
1392 734 1478 767 dann
1501 730 1579 770 Ew.
1599 729 1741 776 Kayſerl.
1761 731 1921 775 Majeſtaͤt
1942 728 2001 768 wir
2029 737 2080 769 der
2103 731 2190 770 Erb⸗

336 764 605 817 Reichs⸗Staͤdte
619 772 879 820 Augſpurgiſcher
896 773 1278 821 Confeßions⸗Geſandte
1300 778 1519 818 vorbittlichen
1539 779 1647 820 hiemit
1671 779 1979 821 allerunterthaͤnigſt
2006 781 2190 818 anlangen,

335 830 402 864 und
421 827 512 874 ſeynd
532 828 626 872 ſolche
644 829 823 874 erweiſende
840 827 984 876 Kayſerl.
1004 829 1081 876 hohe
1098 828 1233 873 Gnad,
1268 829 1367 866 neben
1392 835 1462 867 dem
1483 838 1520 867 es
1542 836 1596 868 der
1621 830 1811 877 Billigkeit,
1845 826 1939 878 mehr
1953 824 2116 873 allegirten
2134 831 2191 866 In-

333 865 528 917 ſtrumento
550 870 667 921 Pacis,
693 881 762 914 dem
783 875 1060 921 Nuͤrnbergiſchen
1074 875 1299 925 Praͤliminar⸗
1319 880 1387 915 und
1402 874 1891 925 Executions⸗Haupt⸗Receß,
1924 881 1984 914 wie
2003 880 2086 919 nicht
2107 880 2189 913 min⸗

335 928 389 962 der
404 930 457 964 der
474 925 899 973 Reichstags⸗Propoſition
917 926 997 972 ohne
1014 929 1073 962 das
1089 934 1168 970 ganz
1191 925 1307 975 gemaͤß
1321 928 1381 974 iſt,
1407 930 1467 965 mit
1487 925 1808 973 allerunterthaͤnigſt⸗
1832 928 2033 975 gehorſamſt⸗
2053 932 2118 963 und
2138 937 2191 972 ge⸗

334 977 488 1021 treueſten
506 974 663 1021 Dienſten
685 984 722 1020 zu
750 976 943 1014 erwiedern,
982 975 1124 1021 jederzeit
1142 975 1277 1023 eiferigſt
1304 982 1369 1013 und
1391 975 1608 1014 devotiſſima
1624 982 1742 1013 mente
1769 969 1949 1024 geflieſſen,
1980 989 2017 1023 zu
2042 977 2188 1022 Kayſerl.

332 1022 588 1071 allergnaͤdigſter
607 1022 784 1070 Erhoͤrung
808 1031 875 1066 uns
897 1021 1208 1071 allerunterthaͤnigſt
1235 1024 1428 1072 empfehlend
1448 1037 1487 1062 ꝛc.
1509 1033 1548 1061 ꝛc.
1623 1026 1699 1064 Der
1716 1026 1814 1065 Erb⸗
1831 1024 1935 1072 Frey⸗
1962 1031 2027 1063 und
2052 1027 2189 1067 Reichs⸗

333 1074 448 1113 Staͤdt
463 1071 725 1122 Augſpurgiſcher
740 1065 928 1123 Confeßion
953 1082 991 1122 zu
1014 1074 1118 1122 dieſer
1133 1074 1532 1122 Reichs⸗Verſammlung
1557 1073 1764 1121 abgeordnete
1791 1073 1920 1125 Raͤth,
1954 1075 2189 1125 Bothſchaften

333 1124 400 1160 und
420 1120 615 1170 Geſandten.

998 1163 1098 1213 Fuͤhrt
1114 1175 1144 1202 2.
1158 1166 1386 1205 Additamenta
1405 1169 1457 1205 mit
1471 1168 1528 1212 ſich.

891 1289 1207 1329 Additamentum
1223 1288 1268 1329 I.
1304 1289 1351 1329 ad
1371 1289 1493 1329 Num.
1515 1291 1636 1329 XCII.

669 1356 756 1405 Die
773 1355 1145 1412 Ravenſpurgiſche
1170 1354 1589 1415 Carmeliter⸗Sache
1615 1356 1844 1416 betreffend.

465 1424 524 1470 Jn
539 1426 612 1466 dem
632 1426 794 1464 Numero
816 1427 923 1464 XCII.
948 1427 1004 1466 der
1028 1423 1477 1473 Religions⸗Beſchwerden
1508 1425 1546 1472 iſt
1566 1435 1619 1475 zur
1635 1424 1764 1473 Gnuͤge
1781 1427 1903 1474 gezeigt
1916 1427 2086 1470 worden,
2119 1429 2186 1467 wie

333 1463 384 1503 die
400 1464 434 1502 P.
461 1452 485 1502 P.
492 1466 686 1503 Carmelitæ
705 1470 741 1509 zu
757 1465 984 1509 Ravenſpurg
1007 1469 1058 1501 die
1069 1469 1181 1508 Regel
1202 1471 1264 1503 des
1285 1472 1445 1511 1624ſten
1457 1473 1575 1510 Jahrs
1598 1472 1701 1503 uͤbern
1712 1471 1867 1510 Hauffen
1892 1479 1927 1509 zu
1947 1473 2093 1509 werfen,
2112 1478 2186 1502 ver⸗

332 1521 490 1564 ſchiedene
505 1522 633 1570 darauf
645 1522 705 1570 ſich
723 1519 915 1570 gruͤndende
930 1522 1096 1571 Receſſe,
1126 1522 1209 1570 auch
1225 1519 1382 1571 wuͤrklich
1406 1523 1594 1573 geſchehene
1610 1523 1794 1570 Execution
1819 1526 1878 1564 des
1895 1523 2188 1572 Weſtphaͤliſchen

333 1571 647 1620 Friedensſchluſſes
662 1572 897 1621 umzuſtoſſen,
927 1573 994 1612 und
1011 1573 1144 1619 allerley
1160 1570 1427 1621 Thaͤtlichkeiten
1455 1571 1646 1621 auszuuͤben
1665 1573 1727 1622 ſich
1752 1573 1837 1620 nicht
1861 1575 2018 1620 entſehen.
2096 1576 2187 1616 Nun

332 1618 372 1667 iſt
389 1624 456 1659 aus
477 1612 538 1659 der
549 1627 616 1660 von
633 1623 688 1660 der
704 1619 828 1664 Stadt
845 1619 1072 1667 Ravenſpurg
1086 1615 1348 1668 Evangeliſchen
1358 1622 1482 1670 Theils
1503 1620 1637 1670 kuͤrzlich
1655 1620 1798 1660 bekannt
1819 1621 2008 1668 gemachten
2024 1620 2055 1667 ſo
2074 1623 2187 1660 rubri⸗

337 1671 439 1708 cirten
458 1670 686 1711 continuirten
699 1666 984 1719 Acten⸗maͤßigen
1006 1673 1099 1709 Facti
1113 1665 1237 1719 Specie
1252 1673 1385 1711 weiters
1402 1671 1644 1719 abzunehmen,
1668 1669 1865 1720 wasgeſtalt
1880 1675 1928 1711 die
1948 1681 1980 1709 P.
2001 1675 2034 1710 P.
2051 1672 2191 1712 Carme-

332 1722 402 1756 litæ
418 1722 481 1759 den
499 1721 597 1765 ihnen
618 1720 704 1768 ſonſt
720 1729 784 1766 gar
800 1721 888 1767 nicht
909 1721 1091 1760 favorable
1113 1717 1300 1771 geweſenen
1319 1722 1551 1768 Catholiſchen
1569 1720 1817 1768 Raths⸗Theil
1833 1730 1870 1770 zu
1886 1722 2115 1767 Ravenſpurg
2141 1732 2189 1761 an

335 1765 396 1812 ſich
417 1774 580 1812 gezogen,
604 1770 673 1807 und
691 1769 741 1807 die
758 1767 961 1815 Protection
977 1765 1035 1808 der
1051 1766 1129 1808 loͤbl.
1145 1768 1357 1815 Landvogtey
1377 1769 1410 1807 in
1430 1768 1639 1816 Schwaben
1657 1776 1719 1808 vor
1737 1767 1798 1816 ſich
1817 1768 2060 1816 auszuwuͤrken
2079 1763 2190 1817 trach⸗

334 1822 401 1856 ten.
448 1818 528 1859 Aus
548 1818 687 1864 welcher
704 1813 926 1858 continuirten
943 1816 1183 1867 weitlaͤuftigen
1201 1818 1464 1867 Evangeliſchen
1482 1821 1572 1857 Facti
1588 1822 1710 1865 Specie
1728 1828 1809 1857 man
1831 1820 1881 1858 ein
1898 1826 1964 1859 und
1981 1824 2126 1864 anders,
2152 1820 2185 1865 ſo

334 1875 370 1912 zu
393 1869 556 1910 mehrerer
572 1866 799 1914 Erlaͤuterung
820 1870 876 1908 der
895 1868 1021 1915 Sache
1036 1865 1196 1915 gereicht,
1220 1867 1303 1915 auch
1324 1879 1360 1916 zu
1376 1872 1478 1909 denen
1495 1869 1946 1918 Religions⸗Beſchwerden
1962 1869 2101 1917 gehoͤrig
2151 1877 2189 1916 zu

333 1916 519 1961 extrahiren
542 1924 600 1955 um
622 1917 695 1955 dem
713 1917 864 1955 Publico
875 1917 1017 1956 bekannt
1032 1923 1069 1963 zu
1084 1915 1220 1961 machen
1238 1926 1295 1956 um
1316 1917 1348 1965 ſo
1363 1918 1455 1962 mehr
1471 1924 1534 1956 vor
1550 1915 1667 1962 noͤthig
1683 1918 1822 1961 erachtet
1847 1917 1933 1963 hat,
1969 1919 2024 1956 als
2052 1909 2184 1956 daraus

333 1968 471 2005 weiters
489 1967 648 2012 erhellet,
681 1972 759 2006 was
782 1974 844 2008 vor
867 1965 1150 2012 Machinationen
1168 1968 1235 2007 und
1254 1965 1466 2016 Practiquen
1496 1970 1549 2008 ein
1571 1968 1734 2011 Niederer
1757 1965 1934 2015 Roͤmiſch⸗
1959 1969 2189 2015 Catholiſcher

335 2016 455 2051 Clerus
475 2012 536 2061 ſich
558 2013 757 2060 gebraucht,
780 2023 837 2054 um
854 2015 915 2053 mit
933 2014 1038 2063 ſeinen
1054 2009 1572 2062 Reichs⸗Satzungs⸗widrigen
1592 2013 1766 2065 Abſichten
1789 2016 2081 2062 durchzudringen.
2134 2018 2188 2059 Es

334 2063 394 2104 hat
417 2062 560 2109 naͤmlich
587 2066 645 2106 der
662 2066 785 2110 Stadt
800 2062 1109 2113 Ravenſpurgiſche
1128 2063 1361 2113 Evangeliſche
1377 2066 1482 2111 Theil
1504 2069 1606 2107 wider
1633 2068 1700 2112 ihre
1721 2067 1931 2114 Catholiſche
1955 2059 2188 2109 Mit⸗Raths⸗

333 2113 606 2155 Verwandten,
640 2121 755 2158 wegen
777 2113 1014 2159 verſchiedener
1033 2112 1266 2162 Differenzien
1289 2115 1323 2153 in
1341 2116 1396 2154 der
1416 2112 1731 2162 Adminiſtration,
1766 2113 1824 2159 bey
1843 2116 1947 2152 einem
1967 2114 2186 2160 Hochpreißl.

333 2162 633 2211 Reichs⸗Hofrath
651 2164 721 2203 eine
736 2161 1211 2211 Jnquiſitions⸗Commißion
1226 2162 1292 2213 auf
1303 2167 1367 2204 das
1382 2164 1554 2212 wohlloͤbl.
1572 2163 1821 2212 Schwaͤbiſche
1838 2164 2187 2213 Creyß⸗Ausſchreib⸗

332 2211 420 2250 Amt
443 2211 623 2256 erhalten,
654 2211 722 2250 und
745 2210 854 2257 haben
887 2214 937 2252 die
961 2214 997 2250 P.
1015 2213 1055 2253 P.
1071 2213 1264 2251 Carmelitæ
1283 2213 1362 2261 dieſe
1379 2210 1601 2257 Gelegeuheit
1626 2209 1811 2259 ergriffen,
1848 2212 1916 2251 und
1930 2213 2185 2249 Extenſionem

334 2262 590 2299 Commiſſionis
617 2260 683 2304 auf
703 2262 973 2307 wohlgedachtes
994 2260 1428 2309 Creyß⸗Ausſchreib⸗Amt
1447 2271 1483 2308 zu
1499 2258 1658 2307 guͤtlicher
1680 2261 1979 2309 Mit⸗Beylegung
1999 2265 2066 2302 und
2084 2265 2185 2306 Ver⸗

332 2304 505 2352 gleichung
529 2306 618 2352 ihres
634 2307 811 2354 Proceſſes
830 2316 945 2352 wegen
963 2309 1021 2345 des
1038 2307 1281 2354 Langhauſes,
1306 2307 1420 2354 beſage
1435 2311 1491 2347 der
1509 2308 1666 2353 Beylage
1687 2309 1746 2344 ſub
1764 2310 1837 2344 No.
1860 2319 1897 2344 11
1935 2308 2183 2353 ausgebracht,

333 2359 403 2396 und
418 2359 474 2395 als
490 2358 541 2394 die
558 2357 711 2405 Kayſerl.
732 2355 869 2404 Herren
889 2351 1467 2404 Subdelegations⸗Commiſſarii,
1492 2357 1635 2405 naͤmlich
1658 2360 1713 2399 der
1723 2357 1936 2409 Hochfuͤrſtl.
1952 2359 2180 2406 Coſtanziſche

332 2401 501 2450 geheimde
516 2404 638 2448 Rath,
666 2405 760 2454 Herr
779 2403 928 2454 Johann
948 2404 1083 2452 Adolph
1108 2413 1174 2445 von
1198 2403 1416 2456 Freuͤßberg,
1452 2408 1521 2447 und
1546 2409 1602 2447 der
1619 2402 1827 2455 Hochfuͤrſtl.
1851 2407 2183 2453 Wuͤrtembergiſche

331 2453 691 2499 Regierungs⸗Rath,
716 2455 811 2504 Herr
831 2454 990 2503 Heinrich
1012 2457 1153 2498 Martin
1167 2457 1369 2501 Burckard,
1396 2460 1430 2493 in
1449 2460 1532 2493 loco
1550 2465 1587 2503 zu
1605 2455 1834 2504 Ravenſpurg
1860 2456 1919 2504 ſich
1945 2457 2183 2504 eingefunden;

330 2502 363 2543 ſo
383 2500 489 2546 haben
506 2504 555 2542 die
574 2504 612 2543 P.
634 2506 667 2541 P.
689 2504 908 2547 Carmelitæ,
939 2500 982 2540 ob
1002 2510 1091 2549 zwar
1108 2505 1160 2543 die
1183 2502 1264 2545 loͤbl.
1282 2505 1494 2550 Landvogtey
1512 2502 1742 2549 Schwaben,
1780 2506 1840 2543 mit
1864 2507 1960 2543 deren
1986 2505 2036 2542 die
2061 2508 2183 2546 Stadt

328 2548 556 2596 Ravenſpurg
574 2551 642 2590 und
661 2551 737 2591 dero
756 2553 990 2588 Territorium
1007 2558 1090 2596 ganz
1107 2549 1290 2597 umgeben,
1315 2552 1351 2599 ja
1373 2552 1494 2598 welche
1512 2554 1546 2592 in
1563 2552 1669 2601 Theil
1686 2552 1843 2600 deſſelben
1858 2553 1908 2592 die
1929 2552 2012 2598 hohe
2022 2553 2184 2599 Gerichte

331 2598 474 2647 beſitzet,
497 2601 565 2640 und
585 2601 645 2649 ſich
682 2595 723 2645 in
715 2602 766 2641 die
783 2600 934 2646 Sachen
960 2603 1018 2641 der
1032 2601 1157 2645 Stadt
1182 2603 1244 2643 mit
1269 2604 1331 2642 den
1347 2604 1507 2640 Patribus
1529 2603 1722 2641 Carmelitis
1747 2602 1915 2642 niemalen
1938 2607 2186 2647 eingemenget,

331 2653 383 2690 ein
399 2648 649 2696 Vorſchreiben
673 2658 742 2690 von
764 2651 838 2690 dem
854 2650 1164 2699 Oeſterreichiſchen
1183 2650 1361 2695 Oberamt
1385 2652 1557 2692 ermeldter
1573 2652 1789 2698 Landvogtey
1816 2657 1861 2690 an
1888 2654 1939 2691 die
1955 2652 2090 2699 Herren
2108 2652 2184 2700 ſub⸗

330 2700 485 2745 delegirte
509 2698 768 2748 Commiſſarien
792 2701 852 2747 ſich
872 2707 1001 2747 zuwege
1026 2707 1063 2748 zu
1090 2699 1228 2746 bringen
1256 2697 1413 2748 gewußt,
1439 2699 1648 2745 worinnen,
1685 2700 1839 2747 vermoͤge
1869 2702 1927 2742 der
1943 2702 2103 2749 Beylage
2123 2705 2183 2739 ſub

330 2753 403 2787 No.
430 2758 505 2792 12.,
531 2749 617 2792 nicht
637 2752 734 2790 allein
755 2757 823 2790 von
841 2752 931 2790 einer
947 2748 1205 2798 Austauſchung
1228 2753 1286 2791 der
1308 2750 1546 2801 quaͤſtionirten
1568 2752 1709 2798 Kirchen
1734 2753 1869 2798 (welche
1888 2752 1998 2799 doch,
2030 2749 2185 2797 vermoͤge

332 2800 387 2839 der
406 2796 522 2843 Regel
539 2798 596 2837 des
616 2796 776 2844 1624ſten
787 2796 924 2845 Jahrs,
951 2798 1034 2845 auch
1050 2795 1179 2846 darauf
1188 2797 1350 2847 erfolgten
1372 2796 1567 2846 wuͤrklichen
1585 2798 1788 2844 Execution,
1814 2800 1881 2838 und
1898 2806 2013 2845 wegen
2031 2799 2185 2846 verſchie⸗

331 2851 429 2888 dener
445 2845 598 2893 ſolennen
614 2847 769 2898 Receſſe,
795 2853 867 2888 dem
885 2847 1144 2897 Evangeliſchen
1161 2848 1265 2897 Theil
1281 2858 1317 2898 zu
1333 2848 1560 2896 Ravenſpurg
1579 2850 1771 2895 ohnſtreitig
1786 2847 1921 2898 gehoͤrt)
1944 2851 2080 2897 ſondern
2097 2849 2182 2896 auch

329 2905 398 2937 von
418 2897 506 2938 einer
520 2897 638 2943 vorher
656 2899 822 2938 niemalen
840 2897 991 2945 erhoͤrten
1001 2896 1202 2948 Protection
1221 2896 1301 2941 uͤber
1320 2903 1385 2940 das
1423 2895 1707 2953 Ravenſpurgiſche
1735 2897 2077 2953 Carmeliter⸗Cloſter
2086 2902 2183 2943 Mel⸗

331 2947 423 2990 dung
437 2945 619 2993 geſchieht;
653 2949 719 2987 wie
740 2949 833 2987 dann
851 2945 932 2994 auch
949 2948 1006 2987 der
1023 2947 1319 2995 Landvogteyliche
1336 2948 1568 2993 Landweibel,
1594 2940 1791 2995 Sicherer,
1827 2947 1919 2997 nebſt
1942 2959 2046 2988 einem
2069 2951 2186 2992 Ober⸗

332 2996 645 3043 Oeſterreichiſchen
665 2992 1108 3043 Regiments⸗Advocaten,
1133 2999 1191 3038 als
1207 2996 1386 3044 Beyſtand
1404 3000 1462 3039 der
1478 2999 1639 3043 Patrum,
1652 2998 1722 3043 bey
1741 3001 1796 3037 der
1809 2996 2185 3043 Commißions⸗Sub⸗

334 3046 522 3090 delegation
539 3045 599 3093 ſich
616 3046 821 3092 angegeben,
842 3048 911 3086 und
925 3054 1028 3093 gegen
1045 3048 1106 3089 den
1115 3045 1370 3096 Evangeliſchen
1386 3049 1490 3095 Theil
1515 3057 1552 3097 zu
1562 3046 1802 3094 Ravenſpurg,
1820 3056 1935 3094 wegen
1949 3048 2182 3095 Ueberlaſſung

329 3099 390 3135 des
407 3097 619 3141 Langhauſes
635 3105 681 3137 an
704 3100 756 3139 die
778 3102 812 3138 P.
831 3101 867 3137 P.
884 3098 1111 3143 Carmeliter,
1135 3099 1203 3138 und
1220 3099 1282 3139 mit
1295 3098 1561 3146 Vorſchlagung
1578 3098 1702 3145 einiger
1723 3100 1819 3145 theils
1841 3103 1913 3140 dem
1933 3101 2121 3147 Magiſtrat
2141 3108 2178 3146 zu

329 3143 556 3190 Ravenſpurg
585 3144 679 3190 ſchon
703 3143 874 3191 gehoͤriger
894 3142 1042 3192 Plaͤtze,
1082 3145 1183 3192 ſolche
1200 3145 1462 3192 Propoſitiones
1485 3146 1639 3191 gethan,
1674 3145 1823 3193 welche,
1855 3154 1959 3184 wann
1978 3148 2182 3193 Evangelici

329 3199 413 3239 ganz
432 3190 629 3239 ſuccumbirt
646 3195 713 3238 und
731 3195 797 3241 ihre
811 3189 936 3239 Sache
958 3193 1135 3241 verlohren
1156 3192 1291 3240 haͤtten,
1318 3194 1400 3241 (wie
1423 3197 1517 3232 ſalvo
1535 3195 1769 3233 Inſtrumento
1788 3196 1904 3239 Pacis,
1938 3197 2027 3231 ſalva
2050 3204 2184 3231 Execu-

329 3251 428 3280 tione
446 3245 478 3279 &
494 3244 689 3281 Receſſibus
704 3244 955 3290 poſterioribus
980 3244 1099 3289 ſalvis,
1130 3238 1340 3295 ohnmoͤglich
1362 3244 1433 3291 ſeyn
1450 3243 1551 3290 kann)
1584 3243 1670 3290 nicht
1687 3244 1784 3292 aͤrger
1809 3244 1922 3289 haͤtten
1945 3243 2015 3293 ſeyn
2036 3244 2181 3289 koͤunen,

328 3295 456 3339 Nichts
480 3292 737 3340 deſtoweniger,
759 3294 828 3332 und
848 3293 992 3338 obgleich
1013 3293 1205 3343 Magiſtrat
1228 3296 1297 3335 und
1314 3292 1480 3337 Gemeine
1503 3292 1776 3342 Augſpurgiſcher
1793 3292 1987 3342 Confeßion
2014 3294 2092 3334 uͤber
2115 3300 2180 3336 das

328 3340 541 3389 gegenſeitige
555 3341 745 3389 Zumuthen
762 3346 818 3384 der
835 3347 870 3382 P.
888 3346 924 3384 P.
944 3343 1148 3387 Carmeliter
1167 3343 1226 3390 bey
1241 3347 1296 3385 der
1310 3345 1528 3391 Commißion
1555 3346 1614 3392 ſich
1635 3344 1824 3393 ſchriftlich,
1852 3347 1923 3384 laut
1940 3345 2102 3386 Antwort
2120 3348 2179 3383 ſub

330 3394 405 3428 No.
430 3400 484 3435 13.
507 3389 679 3435 erklaͤret,
713 3392 779 3439 daß
796 3391 838 3434 ſie
853 3390 1054 3439 dergleichen
1070 3391 1158 3439 nicht
1174 3390 1328 3440 eingehen
1345 3391 1522 3437 koͤnnten,
1555 3391 1637 3440 auch
1665 3392 1785 3439 ſolches
1807 3394 1880 3434 laut
1896 3395 2076 3430 Extractus
2095 3395 2182 3431 Pro-

329 3444 452 3478 tocolli
472 3442 757 3479 Commiſſionalis
784 3444 844 3480 ſub
862 3440 937 3479 No.
963 3451 1007 3485 14
1037 3438 1261 3488 wiederholt,
1298 3440 1376 3488 (bey
1402 3442 1541 3490 welcher
1558 3442 1851 3489 Verbeſcheidung
1878 3443 1934 3480 der
1955 3441 2048 3490 Herr
2071 3443 2182 3484 Land⸗

328 3488 443 3534 richter
459 3495 526 3528 von
543 3486 773 3536 Eſchenbrugg
790 3485 880 3536 nebſt
897 3488 1024 3528 andern
1038 3496 1104 3530 von
1113 3485 1162 3533 der
1193 3482 1297 3538 loͤbl.
1285 3489 1499 3536 Landvogtey
1520 3488 1552 3529 in
1563 3488 1797 3537 Schwaben,
1820 3488 1900 3536 auch
1921 3499 2024 3535 einige
2039 3490 2182 3538 Cathol.

326 3539 701 3585 Raths⸗Verwandte,
715 3542 775 3580 mit
786 3538 977 3586 erſchienen,
987 3539 1055 3579 und
1085 3541 1138 3588 auf
1159 3533 1274 3589 Seiten
1291 3535 1455 3592 gedachter
1471 3541 1682 3587 Landvogtey
1697 3543 1744 3581 die
1747 3539 1983 3585 Declaration
1995 3540 2182 3588 geſchehen,

329 3589 396 3630 daß
413 3599 495 3628 man
514 3588 574 3635 ſich
592 3589 651 3634 bey
667 3588 781 3637 dieſem
791 3588 966 3637 Geſchaͤfte
989 3590 1076 3635 nicht
1091 3602 1133 3628 ex
1148 3592 1271 3630 Capite
1280 3592 1505 3635 Protectorii,
1534 3590 1673 3637 ſondern
1689 3592 1786 3630 allein
1800 3592 2002 3629 Aſſiſtentiæ
2023 3591 2184 3639 einfinde)

328 3642 363 3674 ſo
379 3636 416 3682 iſt
432 3636 578 3680 dennoch
596 3638 633 3677 in
649 3635 885 3684 Conformitaͤt
901 3639 959 3677 des
975 3627 1481 3687 Reichs⸗Hofraths⸗Concluſi
1498 3645 1577 3678 vom
1590 3641 1644 3677 16.
1658 3638 1813 3681 October
1828 3650 1934 3682 1719.
1959 3640 2018 3675 ſub
2035 3641 2110 3676 No.
2125 3646 2182 3682 15.

328 3669 384 3717 der
398 3678 621 3725 Augenſchein
638 3681 887 3723 eingenommen
904 3681 1064 3723 worden,
1089 3682 1153 3717 wie
1168 3683 1231 3720 das
1245 3681 1692 3728 Commißions⸗Protocoll
1711 3690 1789 3720 vom
1812 3693 1842 3718 1.
1854 3681 2061 3724 December
2076 3692 2181 3722 1719.

330 3735 391 3773 ſub
407 3736 483 3773 No.
503 3740 558 3772 16.
571 3735 639 3777 mit
651 3726 831 3781 mehrerem
847 3733 984 3784 beſaget.
1058 3733 1203 3784 Wobey
1220 3731 1479 3787 Evangeliſchen
1497 3732 1621 3787 Theils
1636 3735 1697 3777 mit
1714 3739 1817 3779 vielen
1837 3736 2008 3781 Gruͤnden
2027 3741 2094 3777 und
2114 3740 2180 3777 Ur⸗
