1295 2082
408 333 483 374 682

535 329 735 381 Fortſetzung
751 340 814 371 von
830 335 929 381 1761.
942 334 992 376 bis
1006 339 1110 384 1765.

403 422 437 450 er
455 412 513 459 bey
531 415 634 453 einem
655 413 776 453 kleinen
797 414 941 463 Gehalte
963 426 1026 454 von
1050 418 1143 455 kaum
1160 427 1210 464 90

402 465 548 514 Thalern
565 468 631 504 eine
647 466 799 516 Zeitlang
813 478 895 514 zwar
919 469 1119 516 kuͤmmerlich
1142 476 1213 511 und

402 520 449 555 im
469 516 627 558 Dunkeln
654 519 755 566 lebte,
796 519 871 558 aber
900 520 974 566 doch
1003 524 1138 565 dadurch
1159 523 1207 561 die

401 567 700 617 Standhaftigkeit
714 571 811 616 ſeines
826 573 955 618 Geiſtes
972 576 1055 618 nicht
1070 576 1210 623 verlohr.

403 621 454 661 Er
478 622 591 666 ſtellete
612 621 765 670 vielmehr
787 622 867 661 eben
889 624 1021 664 damals
1053 628 1101 665 die
1122 629 1210 674 Pre⸗

400 673 491 717 digt,
534 683 614 712 von
634 678 700 713 der
714 675 929 721 Wahrheit
942 680 1005 717 der
1024 677 1206 727 Auferſte⸗

400 723 511 773 hung
520 719 650 774 JEſu,
678 737 719 762 an
736 730 795 764 das
812 726 898 772 Licht.
953 728 1116 778 Beynahe
1135 729 1209 779 haͤt⸗

398 777 432 812 te
447 784 480 811 er
495 773 658 820 gleichwol
672 779 733 815 das
754 777 967 824 Predigtamt
983 778 1211 826 niedergelegt,

399 827 470 866 und
490 826 547 873 bey
570 825 684 873 ſeinem
706 827 839 875 Wirthe
860 833 919 868 das
942 828 1210 880 Handſchuhma⸗

399 874 475 920 chen
500 876 646 917 erlernet.
711 879 807 923 Doch
807 878 846 922 er
882 883 964 919 blieb
988 884 1073 926 nicht
1097 884 1210 928 allein,

399 924 534 974 ſondern
551 925 613 974 ließ
629 925 685 975 ſich
707 926 784 973 auch
811 928 905 973 durch
926 932 974 968 die
996 929 1216 982 vortheilhaf⸗

397 976 499 1022 teſten
520 976 780 1026 Anerbietungen
808 977 1034 1029 verſchiedener
1058 993 1121 1021 von
1150 987 1215 1022 der

397 1028 571 1078 engliſchen
586 1028 703 1077 Kirche
720 1032 803 1077 nicht
819 1031 985 1080 bewegen,
1020 1034 1098 1084 ſeine
1112 1037 1206 1082 Par⸗

397 1081 476 1132 they
497 1086 565 1123 und
580 1083 740 1125 Gemeine
764 1096 802 1131 zu
823 1085 989 1135 verlaſſen.
1063 1089 1114 1132 Er
1135 1096 1212 1131 war

397 1134 591 1181 wenigſtens
606 1134 635 1180 ſo
655 1134 876 1186 gewiſſenhaft
897 1139 953 1188 bey
970 1139 1066 1188 ſeiner
1083 1143 1199 1182 Ueber⸗

394 1190 555 1232 zeugung,
582 1183 648 1234 daß
665 1197 719 1234 er,
739 1190 781 1227 da
800 1198 835 1227 er
849 1191 943 1235 durch
959 1195 1021 1230 das
1035 1191 1137 1238 Buch
1145 1193 1205 1232 des

395 1238 520 1285 Tahle
535 1249 599 1278 von
619 1243 672 1279 der
687 1237 945 1290 Vorzuͤglichkeit
959 1249 1011 1283 der
1031 1245 1138 1291 Taufe
1148 1249 1204 1284 der

393 1284 632 1337 Erwachſenen
644 1297 703 1327 vor
720 1293 776 1329 der
789 1289 1012 1339 Kindertaufe
1028 1304 1096 1335 war
1111 1293 1202 1334 uͤber⸗

394 1338 507 1379 zeuget
520 1338 666 1382 worden,
694 1335 772 1381 nach
789 1335 912 1377 London
927 1340 1038 1386 gieng,
1058 1343 1126 1380 und
1143 1335 1204 1390 ſich

393 1391 474 1439 noch
495 1390 617 1431 einmal
636 1393 749 1442 taufen
768 1393 843 1446 ließ.

446 1491 587 1540 Endlich
615 1493 724 1534 bekam
754 1503 789 1531 er
815 1503 857 1535 an
882 1498 953 1537 dem
982 1496 1069 1544 Hrn.
1092 1495 1205 1540 Rob.

391 1538 573 1594 Houlton
597 1547 687 1584 einen
709 1544 864 1596 Goͤnner,
906 1547 1034 1591 welcher
1058 1551 1112 1599 ihn
1132 1552 1204 1599 her⸗

392 1604 532 1645 vorzog,
552 1601 618 1638 und
633 1599 684 1638 als
698 1600 944 1651 Hausprediger
961 1611 996 1648 zu
1013 1604 1069 1651 ſich
1084 1606 1204 1652 nahm,

391 1647 525 1696 worauf
536 1657 567 1683 er
584 1658 686 1695 1724.
701 1651 761 1688 den
778 1649 858 1699 Ruf
872 1660 943 1699 zum
968 1652 1128 1699 Prediger
1143 1656 1203 1688 der

392 1693 672 1746 anabaptiſtiſchen
691 1698 874 1740 Gemeinde
886 1707 925 1747 zu
939 1700 1081 1748 London,
1123 1695 1201 1740 wel⸗

1143 1753 1194 1803 che
