1532 2311
515 363 593 389 100

508 455 587 486 gen,
611 448 676 482 das
689 441 739 491 mit
758 434 838 487 aller
841 441 1087 496 Zuverlaͤſſigkeit
1101 460 1139 490 zu
1152 454 1326 493 bahaupten,

507 518 586 562 da
581 511 631 557 wir
642 520 710 561 nach
728 526 780 569 den
807 522 1018 575 Belehrungen
1042 524 1129 580 Jeſu
1144 530 1209 581 und
1226 529 1327 583 ſeiner

511 586 634 636 Apoſtel
645 591 719 631 wohl
740 593 853 642 leichter
871 595 926 641 das
948 597 1058 643 gerade
1080 591 1249 656 Gegentheil
1260 607 1325 646 ver⸗

512 656 634 701 muthen
651 660 759 701 ſollten.
787 656 820 714 Es
834 663 929 700 bleibt
937 662 1323 721 wenigſtens
1127 663 1243 721 allemal
1261 668 1328 722 ſehr

509 722 569 767 viel
578 728 703 766 gewagt,
719 734 805 768 wenn
820 729 869 770 ein
889 727 1061 774 oͤffentlicher
1068 731 1171 775 Lehrer
1185 738 1231 779 der
1244 736 1322 785 Reli⸗

502 796 591 838 gion
605 786 707 850 ſeinen
720 796 870 852 Zuhoͤrern
890 800 925 856 zu
948 801 1022 846 einer
1037 797 1156 860 ſolchen
1175 802 1318 860 Erloͤſung

505 866 568 905 aus
578 867 639 903 der
654 863 747 912 Hoͤlle
753 874 792 911 zu
813 866 874 912 viel
898 861 1043 923 Hoffnung
1055 873 1174 916 macht,
1190 878 1247 918 und
1257 878 1317 920 ſich

510 923 567 958 alle
582 910 687 968 Muͤhe
699 923 798 973 giebt,
803 914 912 975 ihnen
926 935 983 960 aus
1000 931 1147 981 Gruͤnden
1166 946 1216 983 der
1237 946 1324 985 Reli⸗

502 1001 578 1041 gion
595 1003 653 1036 und
671 1005 718 1039 der
733 1004 906 1049 Vernunft,
933 1005 991 1052 und
996 1004 1061 1059 aus
1071 1008 1150 1045 allen
1161 1011 1315 1064 Begriffen

492 1073 564 1106 von
591 1071 673 1114 Gott
694 1080 732 1125 zu
746 1073 915 1129 beweiſen,
958 1078 1014 1120 daß
1037 1081 1079 1116 die
1105 1080 1239 1125 Strafen
1261 1088 1314 1135 der

501 1137 593 1186 Hoͤlle
607 1140 820 1197 nimmermehr
828 1152 885 1197 von
902 1147 1000 1200 einer
1009 1152 1128 1202 ewigen
1142 1152 1228 1203 Dauer
1245 1157 1320 1205 ſeyn

503 1205 621 1241 koͤnnen.
697 1211 848 1253 Gebeſſert
877 1197 953 1255 wird
986 1223 1069 1256 durch
1096 1225 1180 1259 einen
1200 1226 1313 1262 ſolchen

501 1270 637 1323 Vortrag
662 1282 756 1324 gewiß
771 1284 884 1336 keiner,
935 1290 1005 1332 aber
1016 1294 1055 1332 ob
1070 1296 1172 1341 nicht
1186 1300 1310 1343 mancher

501 1358 623 1401 dadurch
641 1365 704 1394 nur
735 1362 802 1401 noch
841 1363 1046 1408 leichtſinniger
1072 1368 1142 1410 und
1160 1369 1311 1416 ruchloſer

498 1422 642 1480 gemacht,
661 1431 759 1474 werden
774 1431 870 1477 kann,
886 1435 954 1477 das
970 1436 1008 1480 iſt
1029 1435 1073 1481 bei
1089 1438 1136 1482 der
1142 1435 1309 1485 herrſchen⸗

499 1503 556 1535 den
576 1501 772 1546 Sinnlichkeit
792 1506 840 1538 der
861 1503 1019 1550 Menſchen
1035 1506 1097 1550 ſehr
1107 1516 1150 1558 zu
1165 1506 1306 1560 fuͤrchten.

496 1559 572 1602 Das
589 1561 654 1602 hat
654 1562 727 1604 auch
742 1562 801 1606 Hr.
817 1564 972 1611 Dedekind
983 1566 1115 1610 gefuͤhlt,
1121 1578 1208 1618 und
1232 1578 1306 1615 ſucht

499 1632 588 1673 daher
612 1629 679 1677 noch
705 1643 754 1670 am
779 1636 915 1682 Schluſſe
936 1638 1034 1681 dieſen
1054 1649 1103 1682 zu
1107 1641 1305 1688 fuͤrchtenden

495 1697 605 1744 Folgen
629 1703 737 1745 ſeines
758 1704 910 1752 Vortrags
934 1706 982 1751 ſo
1005 1717 1058 1750 gut
1079 1703 1172 1754 wie
1187 1714 1308 1764 moͤglich

493 1774 721 1821 vorzubeugen,
736 1780 795 1828 und
819 1783 854 1814 o!
881 1779 938 1825 daß
942 1779 979 1829 er
1000 1781 1068 1834 doch
1087 1783 1178 1836 ſeine
1195 1786 1304 1838 Abſicht

492 1850 534 1877 an
557 1844 634 1879 allen
651 1846 767 1891 erreicht
794 1843 880 1899 haben
898 1842 990 1902 moͤge.

1218 2001 1303 2047 Was
