1566 2280
162 343 220 403 die
240 342 322 404 Welt
331 364 367 404 zu
375 352 529 393 kommen
539 348 717 390 verordnet
727 349 796 392 und
808 352 865 389 als
882 350 932 389 ein
946 347 1031 392 Se⸗

162 422 219 453 gen
230 416 296 454 und
307 413 438 459 Erloͤſer
444 413 497 462 fuͤr
506 412 567 461 ſein
583 411 685 457 Volk
694 409 870 459 verheiſſen
877 409 1030 451 worden.

161 440 250 493 Aber
259 453 294 493 da
311 454 445 497 entſteht
455 459 524 489 nun
533 455 585 490 ein
613 451 725 499 Streit
741 457 827 487 unter
834 458 925 491 uns,
943 455 987 484 ob
997 461 1033 486 er

164 498 195 543 in
224 505 398 551 weltlicher
432 504 562 553 Hoheit
595 503 795 550 erſcheinen,
822 505 901 543 oder
928 506 973 539 ob
998 512 1033 542 er

163 560 228 600 von
242 559 348 606 ſeinen
363 557 514 607 Feinden
527 552 686 605 verfolget
720 552 780 609 und
794 557 858 608 zum
863 551 970 604 Tode
970 560 1032 603 ge⸗

164 593 275 657 bracht
288 606 389 656 werden
424 604 534 651 ſollen.

213 673 246 705 2.
274 664 327 710 Es
335 665 420 709 wird
429 660 629 712 gleichfals
608 657 682 710 von
689 660 814 711 beyden
823 655 968 711 Theilen
978 668 1033 706 zu⸗

164 712 328 763 gegeben,
355 713 422 758 daß
446 713 618 764 JEſus/
640 712 705 753 wie
727 712 777 753 die
801 708 955 760 Chriſten
979 709 1034 749 be⸗

163 751 330 806 haupten,
353 759 388 800 in
404 747 545 807 Judaͤa
560 758 631 801 und
649 756 809 796 Galilaͤa
827 757 951 801 gelebet
964 757 1033 792 und

162 812 348 862 geprediget
355 812 423 853 und
432 822 470 860 zu
477 808 697 864 Jeruſalem
703 807 875 858 geſtorben
886 808 955 853 ſey;
964 810 1035 849 und

164 856 230 901 hier
242 861 281 907 iſt
296 871 361 902 nur
378 859 430 900 die
444 856 559 905 Frage
577 855 846 905 auszumachen,
873 855 916 898 ob
934 855 1059 906 dieſer

163 902 305 964 JEſus
315 915 372 954 der
381 906 526 954 CHriſt
539 904 699 957 geweſen.

212 964 342 1003 Wenn
360 967 398 1001 es
417 971 488 1004 nun
513 957 674 1007 bewieſen
697 959 830 1007 werden
840 957 949 1007 kann,
965 957 1036 1009 daß

163 1005 342 1057 CHriſtus
357 1003 418 1053 bey
433 1002 534 1052 ſeiner
551 1000 705 1062 Zukunft
721 1007 756 1048 in
771 1007 822 1046 die
860 1007 938 1064 Welt
957 1009 1037 1064 Lei⸗

163 1058 239 1097 den
239 1057 326 1096 und
341 1056 415 1100 den
428 1056 516 1100 Tod
529 1054 595 1109 fuͤr
608 1056 668 1099 die
685 1055 859 1098 Suͤnden
876 1063 1039 1092 anderer

162 1104 369 1157 ausſtehen
387 1104 538 1160 muͤſſen,
564 1107 637 1151 und
657 1109 736 1154 daß
764 1110 875 1154 unſer
891 1111 1038 1156 JEſus

164 1156 231 1202 der
237 1153 373 1208 CHriſt
384 1155 460 1211 ſey;
485 1158 556 1202 und
572 1159 632 1196 das
652 1162 728 1201 zwar
747 1162 816 1194 aus
832 1159 956 1203 ſolchen
973 1163 1038 1200 Er⸗

166 1197 474 1257 kenntnißgruͤnden
481 1207 601 1252 welche
610 1208 661 1245 die
666 1207 794 1251 Juden
801 1214 840 1248 zu
848 1212 955 1245 einem
964 1214 1041 1248 hin⸗

167 1255 351 1309 laͤnglichen
367 1256 525 1307 Beweiſe
540 1259 574 1299 in
585 1258 702 1306 irgend
723 1258 828 1298 einem
852 1258 950 1305 Falle
969 1267 1039 1297 von

167 1304 264 1360 dieſer
271 1312 337 1356 Art
345 1309 487 1363 zulaſſen
497 1306 644 1362 muͤſſen:
670 1305 702 1356 ſo
712 1309 798 1353 wird
814 1309 958 1351 alsdenn
974 1310 1040 1354 fol⸗

168 1373 246 1413 gen,
271 1367 339 1417 daß
359 1367 410 1410 die
439 1362 536 1414 Lehre
556 1372 626 1407 von
648 1361 860 1413 CHriſto/
863 1365 951 1400 dem
973 1369 1041 1421 ge⸗

168 1395 418 1463 kreutzigten/
445 1405 507 1449 mit
521 1406 635 1454 Recht
643 1409 716 1446 den
724 1407 861 1455 Juden
857 1410 952 1457 nicht
967 1414 1041 1464 laͤn⸗

162 1462 222 1505 ger
224 1470 288 1513 ein
294 1461 510 1520 Aergerniß
510 1460 590 1518 ſeyn
599 1462 707 1515 duͤrfe.

216 1514 310 1561 Aber
320 1522 399 1560 was
408 1516 494 1562 wird
504 1515 571 1561 das
580 1512 634 1564 fuͤr
643 1517 693 1561 ein
702 1509 847 1558 Beweis
857 1509 951 1562 ſeyn,
979 1514 1042 1557 den

168 1553 220 1599 die
240 1555 365 1605 Juden
384 1564 592 1607 hinreichend
612 1566 724 1606 halten
749 1563 910 1604 muͤſſen?
948 1566 1043 1602 Wir

168 1616 293 1656 wollen
308 1620 375 1658 uns
392 1615 505 1664 hiebey
519 1618 558 1662 in
558 1618 629 1662 ihre
644 1618 736 1661 eigne
749 1614 906 1661 Lehrſaͤtze
923 1617 1043 1656 beque⸗

168 1659 278 1707 men,
302 1666 372 1705 und
394 1665 481 1714 nicht
494 1669 589 1716 mehr
604 1671 809 1710 verlangen,
835 1671 890 1703 als
913 1672 981 1710 daß
1001 1672 1044 1710 ſie

171 1721 241 1756 uns
260 1716 459 1766 verſtatten,
495 1718 576 1759 eben
593 1718 750 1764 dieſelben
763 1717 1044 1762 Uberzeugungs⸗

170 1761 301 1812 gruͤnde
310 1766 344 1808 in
353 1766 414 1808 den
424 1767 508 1812 noch
516 1768 695 1823 ſtreitigen
710 1768 843 1821 Stuͤcken
853 1778 890 1817 zu
897 1773 1044 1808 gebrau⸗

172 1811 268 1865 chen,
297 1815 346 1857 die
358 1812 413 1869 ſie
405 1816 593 1864 unleugbar
604 1821 663 1861 bey
670 1822 761 1853 allen
761 1822 828 1852 den
836 1822 976 1859 Saͤtzen
986 1829 1045 1856 ge⸗

174 1853 359 1913 brauchen,
385 1864 532 1906 daruͤber
547 1873 612 1905 wir
625 1873 687 1901 mit
701 1871 799 1907 ihnen
814 1874 935 1900 bereits
957 1871 1044 1905 einig
