1628 2406
267 348 474 390 aderblutes:
506 353 539 399 ſo
561 348 648 397 haͤtte
672 350 727 387 der
748 351 840 399 Puls
868 353 988 400 ſowohl
1000 355 1036 391 in
1051 352 1122 391 dem
1137 361 1190 400 ge⸗

269 397 448 446 laͤhmeten,
475 402 527 443 als
543 398 612 436 dem
628 399 751 441 andern
767 399 867 440 Arme
883 402 1090 450 fortſchlagen
1108 407 1190 450 muͤſ⸗

267 451 332 500 ſen.
394 453 458 495 Da
482 453 581 498 dieſes
606 451 685 491 aber
710 451 793 499 nicht
818 452 964 500 geſchah,
1000 457 1032 500 ſo
1054 458 1091 503 iſt
1111 458 1190 502 auch

268 494 401 542 hieraus
422 498 508 539 klar,
543 496 605 542 daß
633 498 683 537 die
706 488 874 547 klopfende
903 498 1104 547 Bewegung
1134 509 1189 539 der

265 553 477 600 Pulsadern,
504 552 573 589 eine
584 549 692 603 ihnen
707 550 969 603 eigenthuͤmliche
985 552 1187 604 Bewegung

232 608 318 658 ſey
344 606 399 654 (§.
416 603 531 657 848.).

644 719 682 757 §.
714 721 799 758 850.

337 806 415 848 Und
441 817 511 845 nun
537 806 606 853 laͤßt
625 806 684 854 ſich
712 808 762 848 die
784 806 854 856 ſehr
879 809 995 855 ſeltene
1022 807 1186 857 Geſchich⸗

265 859 316 899 te,
342 855 456 904 welche
472 857 526 895 der
541 856 630 904 Herr
646 865 712 900 von
726 857 823 904 Haen
839 857 961 906 liefert,
988 857 1120 908 gehoͤrig
1137 858 1189 897 be⸗

263 905 437 952 urtheilen.
484 907 536 948 Er
552 907 631 956 fand
648 908 707 956 bey
728 907 784 948 der
797 908 954 958 Oefnung
976 911 1064 948 eines
1080 908 1189 957 gewiſ⸗

263 958 320 1002 ſen
335 954 606 1002 Verſtorbenen,
623 956 687 1003 daß
702 958 763 996 das
778 958 862 1004 Herz
879 950 973 995 unter
985 959 1041 1005 ſich
1056 958 1121 999 und
1130 961 1190 996 mit

261 1003 387 1042 andern
403 1003 541 1052 Theilen
562 1000 594 1051 ſo
617 1005 814 1052 verwachſen
830 1014 918 1050 war,
945 1007 1007 1053 daß
1023 1015 1059 1045 es
1079 1008 1188 1054 dieſer⸗

263 1038 377 1097 wegen
392 1057 428 1097 zu
445 1049 524 1089 aller
544 1049 743 1098 Bewegung
757 1053 946 1099 ungeſchickt
957 1056 1079 1092 wurde.
1106 1056 1189 1099 Bey

262 1104 367 1150 dieſen
381 1103 580 1151 Umſtaͤnden
596 1105 687 1151 fragt
701 1112 738 1145 es
756 1106 831 1149 ſich:
857 1108 918 1145 wie
938 1109 1052 1144 konnte
1068 1108 1124 1152 ſich
1140 1110 1186 1145 al⸗

261 1155 295 1196 ſo
319 1154 380 1191 das
407 1148 495 1198 Blut
516 1155 684 1200 bewegen,
712 1156 780 1195 und
799 1156 896 1202 dieſer
909 1157 1045 1203 Menſch
1066 1157 1187 1199 leben?

259 1203 325 1243 Da
343 1205 404 1241 wir
419 1204 488 1250 jetzt
502 1204 627 1249 wiſſen,
640 1205 715 1252 daß
731 1206 780 1243 die
796 1205 996 1252 Bewegung
1013 1206 1068 1243 der
1080 1207 1187 1251 Puls⸗

261 1252 382 1299 adern,
423 1254 493 1293 eine
522 1253 621 1302 ihnen
646 1253 910 1304 eigenthuͤmliche
932 1256 1133 1305 Bewegung
1149 1258 1187 1304 iſt

260 1303 317 1350 (§.
328 1302 456 1354 849.),
495 1307 562 1346 und
584 1310 618 1346 in
643 1307 713 1347 dem
734 1307 803 1356 hier
819 1306 1007 1355 erwaͤhnten
1021 1308 1110 1356 Falle
1127 1320 1188 1357 gar

261 1351 365 1397 nichts
380 1352 502 1395 anders
520 1352 561 1392 da
576 1361 663 1397 war,
690 1353 824 1401 welches
840 1355 889 1393 die
906 1354 1105 1402 Bewegung
1127 1347 1185 1392 des

261 1404 394 1443 Blutes
414 1404 619 1452 unterhalten
638 1407 771 1444 konnte:
796 1406 828 1453 ſo
844 1408 921 1455 liegt
938 1408 987 1445 die
1001 1406 1184 1460 Aufloͤſung

259 1454 350 1507 jener
364 1455 489 1501 Frage,
523 1459 592 1510 jetzt
604 1447 678 1496 klar
697 1468 752 1496 am
776 1457 882 1506 Tage.

651 1568 688 1609 §.
714 1572 798 1610 851.

328 1656 409 1697 Der
418 1653 505 1697 Bau
523 1655 578 1699 der
590 1650 807 1705 Pulsadern,
832 1661 928 1694 wenn
950 1664 1027 1693 man
1048 1666 1111 1697 nur
1137 1660 1186 1696 die

256 1698 450 1746 Pulsadern
462 1699 522 1752 des
527 1699 697 1750 Gehirnes
706 1700 898 1746 ausnimmt,
909 1702 1028 1741 koͤmmt
1040 1707 1186 1745 uͤberein,

257 1748 326 1788 und
335 1742 372 1796 iſt
378 1761 443 1789 von
473 1750 532 1803 dem
543 1750 613 1803 Baue
640 1752 696 1791 der
698 1751 890 1794 Blutadern
899 1754 969 1800 ſehr
977 1758 1185 1802 verſchieden.

257 1804 373 1844 Wenn
383 1801 460 1844 man
469 1804 547 1847 aber
557 1802 614 1854 die
605 1804 797 1850 Pulsadern
806 1806 865 1843 mit
872 1805 943 1847 dem
952 1807 1186 1851 anatomiſchen

257 1853 394 1900 Meſſer,
410 1848 443 1897 ſo
457 1857 532 1893 weit
543 1857 598 1894 als
613 1854 762 1903 moͤglich,
779 1855 936 1903 verfolgt:
964 1858 995 1902 ſo
1012 1856 1092 1897 wird
1106 1866 1185 1895 man

257 1908 345 1953 doch,
362 1905 452 1954 ſelbſt
481 1896 533 1953 bey
549 1902 601 1946 den
621 1908 782 1956 zarteſten,
809 1909 885 1956 noch
901 1910 1065 1955 denſelben
1083 1908 1184 1956 Bau,

256 1955 407 2002 wodurch
425 1956 467 2011 ſie
479 1956 537 2012 ſich
553 1958 630 2008 von
643 1959 705 1998 den
720 1958 913 2001 Blutadern
934 1956 1184 2009 unterſcheiden,

260 2005 434 2053 antreffen.
