1938 2684
734 516 969 559 vermoͤgender
983 498 1126 552 worden
1154 499 1248 548 ſeyn,
1276 500 1399 550 mithin
1419 495 1619 552 elendiglich
1629 499 1737 552 haben

738 597 956 637 umkommen
977 577 1118 632 muͤſſen.

790 686 896 728 Was
923 691 985 723 vor
1014 682 1136 733 Unheil
1158 681 1253 733 haͤtte
1274 682 1438 733 entſtehen
1462 681 1612 731 koͤnnen,
1634 676 1738 725 wenn

740 761 791 795 die
805 752 989 801 Heftigkeit
1006 755 1065 793 des
1083 752 1190 801 Gifts
1204 760 1466 802 zugenommen,
1492 753 1631 801 welches
1650 748 1741 797 wohl

737 832 831 876 haͤtte
844 829 1011 875 geſchehen
1029 826 1171 874 koͤnnen,
1198 836 1299 867 wenn
1321 826 1409 875 nicht
1421 836 1494 874 zum
1515 831 1618 876 guten
1629 822 1739 871 Gluͤck

734 911 788 943 ein
806 905 992 951 maͤchtiges
1002 905 1127 944 Mittel
1145 904 1310 942 darwider
1333 903 1495 951 erfunden
1514 906 1654 943 worden
1669 896 1739 942 waͤ⸗

738 989 797 1029 re?
822 984 1007 1030 Vielleicht
1028 981 1144 1025 wuͤrde
1165 986 1245 1032 dieſe
1267 984 1411 1033 Seuche
1428 985 1477 1025 die
1498 984 1663 1034 Zeugung
1679 983 1739 1024 des

735 1059 974 1107 menſchlichen
992 1054 1206 1113 Geſchlechts
1225 1060 1374 1101 verderbt
1392 1060 1511 1107 haben,
1533 1066 1578 1102 da
1592 1061 1643 1101 die
1660 1059 1740 1109 hier⸗

733 1142 773 1181 zu
795 1128 932 1180 noͤthige
948 1129 1091 1174 Glieder
1114 1137 1184 1173 von
1212 1128 1374 1181 derſelben
1394 1130 1432 1181 ſo
1449 1130 1552 1180 heftig
1569 1124 1737 1180 angegrif⸗

719 1217 788 1270 fen
814 1221 955 1260 worden
974 1216 1064 1268 ſind.

783 1317 889 1360 Was
915 1312 1053 1362 braucht
1076 1315 1115 1354 es
1133 1309 1235 1361 aber,
1260 1317 1330 1356 von
1356 1313 1431 1357 dem
1449 1312 1653 1363 Untergang
1679 1309 1742 1355 viel

732 1401 772 1432 zu
798 1395 918 1431 reden,
944 1391 1000 1427 der
1025 1389 1093 1427 das
1106 1393 1208 1433 ganze
1224 1382 1431 1435 menſchliche
1446 1385 1637 1436 Geſchlecht
1651 1381 1741 1427 wuͤr⸗

730 1469 771 1509 de
794 1454 903 1516 haben
926 1465 1083 1516 betreffen
1099 1465 1254 1507 koͤnnen?
1290 1464 1354 1515 Jſt
1373 1465 1462 1515 nicht
1484 1465 1580 1515 ſchon
1602 1466 1783 1517 derſelbe

729 1544 833 1593 durch
872 1544 923 1586 die
945 1540 1132 1594 Suͤndflut
1161 1542 1306 1591 wirklich
1346 1541 1533 1592 geſchehen,
1575 1545 1647 1587 und
1675 1547 1740 1585 nur

727 1618 799 1658 eine
816 1612 937 1662 einzige
957 1607 1106 1664 Familie
1124 1609 1356 1665 uͤberblieben?

782 1722 932 1769 Koͤnnen
957 1722 1050 1772 wohl
1074 1719 1280 1773 diejenigen,
1303 1721 1421 1772 welche
1446 1725 1497 1766 die
1516 1725 1645 1768 Natur
1666 1724 1739 1766 ken⸗

727 1808 815 1839 nen,
852 1799 923 1833 und
974 1800 1045 1835 von
1059 1793 1176 1834 deren
1215 1788 1396 1843 goͤttlichen
1429 1789 1608 1843 Schoͤpfer
1644 1792 1739 1836 einen

728 1871 889 1920 richtigen
908 1871 1046 1920 Begrif
1059 1870 1187 1920 haben,
1212 1870 1273 1921 ſich
1290 1871 1468 1919 einbilden,
1496 1869 1562 1920 daß
1577 1874 1626 1916 die
1645 1873 1761 1917 Ma⸗

729 1950 808 1999 terie
824 1947 897 1986 und
911 1945 962 1988 die
975 1947 1107 1986 daraus
1126 1945 1341 1995 erſchaffenen
1357 1945 1480 1995 Dinge
1497 1947 1587 1996 nicht
1604 1944 1734 1994 laͤnger,

711 2012 788 2059 als
815 2000 901 2072 ſechs
919 2014 1057 2063 tauſend
1070 2013 1169 2064 Jahr
1187 2017 1349 2063 gedauret
1364 2013 1469 2066 haben
1489 2017 1617 2066 ſolten?
1670 2010 1736 2062 daß

732 2098 850 2140 GOtt
871 2094 953 2144 ſeine
972 2092 1077 2143 ewige
1092 2092 1264 2143 Allmacht
1288 2102 1355 2137 nur
1372 2095 1435 2144 erſt
1451 2104 1521 2136 von
1538 2094 1661 2143 geſtern
1681 2094 1737 2142 her

732 2182 773 2225 zu
787 2170 1098 2223 Hervorbringung
1124 2168 1221 2222 ſeiner
1240 2169 1368 2221 Werke
1384 2177 1604 2222 angewendet
1631 2170 1737 2225 habe?
