2576 2989
440 506 544 559 uͤber
544 505 634 556 das
634 505 675 555 I.
675 503 806 555 Buch
806 502 882 553 der
882 500 1056 552 Koͤnige
1056 498 1246 550 Cap.22.
1246 498 1300 548 V.
1300 497 1468 548 29⸗⸗38.

1541 493 1654 546 1549

276 615 312 656 zu
328 603 446 653 ziehen/
461 603 492 652 ſo
508 600 646 647 dauchte
661 606 697 641 es
711 600 779 648 ihm
791 587 944 648 ſchimpff
938 587 995 638 ich
1007 603 1042 641 zu
1056 587 1148 640 ſeyn/
1161 579 1306 641 daſſelbe
1306 579 1360 641 zu
1360 579 1565 641 retractiren/
1565 579 1640 641 und

273 667 331 704 zog
349 657 417 705 alſo
428 638 493 709 mit
504 650 583 702 ihm.
625 651 714 690 Und
729 651 798 697 der
804 644 933 690 Koͤnig
944 642 1064 693 Achab
1088 643 1216 693 ſprach
1234 651 1277 687 zu
1287 638 1514 693 Joſaphat:
1537 634 1643 674 Ver⸗

275 707 379 754 ſtelle
393 705 488 754 dich/‎
511 705 588 744 und
603 702 748 755 komme
765 703 802 741 in
823 702 893 739 den
912 698 1065 741 Streit/
1088 697 1163 735 mit
1181 694 1311 746 deinen
1320 690 1503 744 Kleidern
1527 695 1641 734 ange⸗

272 759 386 806 than.
416 757 512 795 Hebr.
527 750 933 807 ואמרדח‎
944 736 1161 800 בפרחמר
1176 747 1297 794 בנע
1314 742 1464 794 התחפש
1479 743 1562 777 Veni
1573 752 1642 773 mu-

274 810 407 845 tandum
421 812 452 845 &
469 808 714 857 ingrediendum
727 800 861 846 bellum,
879 805 910 839 &
924 799 956 837 tu
973 803 1103 837 induere
1121 799 1252 834 veſtibus
1269 800 1339 832 tuis.
1355 795 1463 837 Nach
1473 794 1528 831 der
1539 787 1645 829 Uber⸗‎

274 856 394 910 ſetzung
406 861 545 899 Lutheri,
557 855 681 897 darinn
699 865 732 894 er
750 858 847 895 allem
856 852 1007 899 Anſehen
1026 846 1126 898 nach/
1133 850 1207 889 dem
1217 849 1399 884 Sebaſtiano
1412 845 1572 881 Münſtero
1587 850 1643 888 ge⸗

277 900 385 951 folget
385 900 450 951 iſt/
450 900 563 951 lautet
563 900 641 951 der
641 900 744 951 Text
744 900 865 951 etwas
865 900 1019 951 anders/
1019 900 1154 951 indem
1154 900 1229 951 aus
1229 900 1323 951 dem
1323 900 1505 951 Infinitivo
1505 900 1572 951 ein
1572 900 1643 951 Im-

278 964 438 1012 perativus
453 962 591 1001 worden
607 958 658 1008 iſt/
676 958 739 999 wie
754 955 797 1008 es
806 955 886 1008 auch
901 955 1082 993 Münſterus
1098 952 1133 994 in
1150 952 1284 988 Scholiis
1301 949 1394 998 ſelbſt
1410 943 1538 987 aͤndert.
1592 942 1643 986 Er

277 1012 345 1052 will
357 1012 474 1060 ſagen:
500 1011 605 1054 Weil
626 1009 670 1051 E.
666 1005 822 1052 Liebden
828 1005 902 1048 mir
914 1007 979 1047 den
991 1003 1151 1053 Gefallen
1168 1002 1262 1049 thun/
1280 1002 1347 1041 und
1360 1000 1419 1040 mit
1436 998 1500 1039 mir
1517 996 1641 1042 auszie⸗

280 1064 342 1109 hen
343 1063 410 1105 die
422 1060 536 1107 Syrer
554 1072 590 1109 zu
604 1057 831 1107 demuͤthigen/
853 1058 885 1108 ſo
902 1058 972 1098 will
988 1056 1033 1104 ich
1047 1055 1210 1104 derſelben
1225 1053 1275 1094 die
1285 1051 1373 1098 Ehre
1386 1050 1500 1099 laſſen/
1515 1048 1583 1095 daß
1600 1047 1642 1094 ſie

281 1115 349 1163 ihre
369 1111 543 1158 koͤnigliche
559 1111 696 1152 Kleider
716 1108 835 1159 moͤgen
854 1108 1069 1151 anbehalten
1089 1107 1158 1146 und
1176 1104 1328 1146 General
1350 1100 1428 1143 uͤber
1447 1099 1552 1141 meine
1575 1097 1642 1137 Ar⸗

281 1160 352 1213 mee
352 1160 461 1213 ſeyn/
461 1160 572 1213 nach
572 1160 682 1213 deren
693 1158 926 1210 Commando
926 1158 1007 1210 ſich
1007 1158 1079 1210 ein
1079 1158 1189 1210 ieder
1189 1158 1318 1210 richten
1331 1154 1397 1203 ſ‎oll/
1415 1153 1461 1199 ich
1477 1151 1559 1196 aber
1573 1148 1644 1189 will

281 1215 364 1264 mich
380 1214 501 1264 kleiden
516 1213 571 1267 als
587 1212 639 1253 ein
651 1214 816 1259 gemeiner
832 1211 990 1255 Soldat.
1044 1206 1175 1255 Siehe/
1190 1207 1252 1247 wie
1267 1206 1350 1255 liſtig
1366 1202 1483 1249 Achab
1496 1203 1555 1250 ſich
1572 1210 1647 1240 ver⸗

281 1264 447 1311 wahren/‎
447 1264 589 1311 andere‎
589 1264 670 1311 aber‎
684 1263 714 1303 in
727 1259 875 1311 Gefahr
881 1263 972 1312 ſetzen
984 1261 1065 1302 will/
1085 1263 1174 1303 denn
1174 1263 1221 1303 ja
1221 1263 1286 1303 der
1303 1256 1478 1305 Joſaphat
1491 1252 1582 1300 leicht
1597 1262 1645 1292 an

284 1312 478 1366 koͤniglichen
493 1316 651 1357 Kleidern
666 1325 703 1364 zu
717 1316 887 1357 erkennen/
900 1312 967 1355 und
984 1310 1040 1362 fuͤr
1053 1313 1117 1353 den
1133 1308 1248 1359 Koͤnig
1261 1307 1379 1358 Achab
1395 1304 1571 1355 anzuſehen
1591 1312 1646 1352 ge⸗

281 1372 401 1409 weſen.

400 1411 495 1467 Das
500 1415 590 1462 giebt
598 1426 686 1457 nun:
698 1417 749 1470 1.
760 1410 860 1470 Eine
867 1417 1008 1464 Lehre.
1038 1414 1151 1458 Denn
1162 1414 1226 1455 wir
1237 1413 1345 1453 lernen
1349 1403 1511 1457 hierbey
1510 1403 1579 1456 daß
1593 1401 1651 1443 ob⸗

286 1470 377 1520 wohl
399 1480 440 1518 zu
451 1467 564 1519 Zeiten
588 1467 724 1515 einerley
748 1466 887 1512 Suͤnde
901 1476 965 1508 von
975 1464 1266 1516 unterſchiedenen
1283 1460 1454 1509 Perſonen
1478 1459 1648 1503 begangen

286 1524 387 1575 wird/
402 1517 548 1567 dennoch
555 1520 714 1568 zwiſchen
728 1519 803 1560 dem
818 1515 973 1565 Gemuͤth
988 1517 1092 1567 derer/
1107 1517 1138 1564 ſo
1157 1516 1198 1564 ſie
1216 1515 1369 1561 begehen/
1384 1512 1434 1552 ein
1451 1502 1658 1564 mercklicher

507 1572 548 1612 zu
548 1572 673 1612 finden
673 1572 763 1612 ſey.
763 1572 950 1612 Dieweil
950 1572 1029 1612 von
1029 1572 1216 1612 manchem
1216 1572 1294 1612 eine
287 1570 495 1620 Unterſchied
1295 1563 1434 1607 Suͤnde
1453 1561 1508 1603 aus
1524 1559 1652 1604 Muth⸗‎

289 1624 399 1664 willen
419 1623 588 1666 begangen
608 1620 709 1659 wird/
731 1619 928 1666 dergleichen
947 1619 1061 1665 allhier
1079 1618 1138 1657 der
1155 1614 1273 1664 Achab
1285 1615 1409 1662 gethan
1422 1613 1492 1658 hat/
1512 1608 1649 1653 manche

290 1674 370 1714 aber
383 1672 456 1709 mit
473 1670 590 1727 einem
610 1669 699 1720 Fehl
715 1665 894 1709 uͤbereilet
905 1671 1073 1709 werden/
1089 1670 1162 1705 Gal.
1179 1671 1231 1709 VI,
1253 1680 1279 1705 1.
1328 1663 1442 1706 Denn
1460 1660 1560 1705 durch
1579 1656 1657 1707 boͤſe

290 1721 446 1771 Exempel
460 1720 585 1762 koͤnnen
599 1721 680 1765 auch
698 1721 789 1767 wohl
803 1721 1008 1769 unſchuldige
1018 1720 1156 1768 Hertzen
1169 1715 1309 1762 verleitet
1321 1715 1462 1757 werden.
1472 1714 1544 1762 Sap.
1549 1710 1603 1756 IV,
1613 1724 1653 1748 12.

290 1774 371 1821 Und
388 1775 420 1827 ie
431 1771 650 1820 anſehnlicher
660 1770 726 1813 eine
737 1771 868 1821 Perſon
881 1772 932 1820 iſt/
942 1772 1058 1818 welche
1070 1771 1121 1811 die
1132 1765 1269 1811 Suͤnde
1286 1766 1426 1815 begehet/
1443 1764 1469 1806 ie
1479 1762 1595 1813 groͤſſer
1613 1762 1653 1813 iſt

291 1824 376 1886 denn
386 1823 474 1879 auch
489 1823 541 1863 die
551 1822 700 1876 Suͤnde
709 1822 791 1870 nach
806 1824 882 1865 dem
892 1822 1037 1872 Spruch
1049 1820 1108 1863 des
1117 1815 1267 1886 Poeten:
1281 1821 1329 1867 (e)

524 1877 636 1910 Omne
640 1874 766 1917 animi
765 1874 880 1928 vitium
890 1886 980 1912 tanto
997 1875 1196 1924 conſpectius
1215 1876 1247 1908 in
1261 1872 1304 1912 ſe,

524 1926 655 1959 Crimen
670 1925 776 1966 habet,
790 1938 911 1973 quanto
928 1930 1032 1973 major
1046 1929 1100 1974 qui
1115 1935 1222 1975 peccat
1238 1922 1381 1959 habetur.

399 1985 446 2034 2.
451 1973 545 2014 Eine
558 1969 781 2020 Warnung.
791 1976 906 2019 Denn
916 1977 980 2017 wir
988 1975 1079 2025 ſehen
1089 1975 1233 2023 hierbey:
1244 1975 1277 2018 a)
1286 1970 1381 2020 Daß
1388 1977 1521 2011 untreue
1530 1969 1660 2018 Freun⸗

296 2027 336 2066 de
350 2035 385 2075 zu
398 2026 501 2072 ihrem
516 2024 683 2073 Vortheil
699 2027 828 2074 rathen.
879 2026 1059 2075 Vielleicht
1079 2029 1169 2075 hatte
1190 2023 1306 2072 Achab
1324 2023 1422 2070 durch
1440 2021 1520 2071 ſeine
1534 2019 1658 2061 Kund⸗

297 2074 431 2139 ſchaffer
446 2077 611 2127 erfahren/
628 2078 696 2125 daß
710 2076 915 2133 Benhadad
931 2081 1037 2128 ſeinen
1055 2078 1219 2128 Oberſten
1240 2075 1402 2124 befohlen/
1417 2074 1459 2122 ſie
1476 2072 1574 2121 ſolten
1592 2080 1657 2113 nur

297 2133 401 2190 wider
411 2130 474 2169 den
483 2128 601 2176 Achab
617 2131 816 2178 vornemlich
831 2131 971 2180 ſtreiten/
987 2132 1057 2173 und
1071 2129 1213 2179 zuſehen/
1222 2128 1290 2176 daß
1302 2126 1343 2175 ſie
1356 2126 1524 2173 denſelben
1541 2123 1657 2171 treffen

272 2183 424 2224 koͤnten.
461 2178 612 2223 Darum
627 2180 716 2228 ſaget
715 2182 759 2230 er
773 2192 809 2230 zu
820 2184 1009 2232 Joſaphat/
1022 2186 1051 2230 er
1059 2183 1131 2231 ſolle
1143 2180 1202 2228 ſich
1215 2179 1306 2227 ſehen
1323 2177 1423 2225 laſſen
1434 2177 1467 2216 in
1484 2176 1589 2224 ſeinen
1604 2171 1660 2215 koͤ⸗

298 2229 457 2280 niglichen
473 2229 646 2279 Kleidern/
664 2242 698 2272 er
714 2233 793 2272 aber
808 2236 963 2280 verſtellet
985 2232 1057 2284 ſich
1070 2234 1103 2274 in
1125 2234 1183 2273 der
1196 2229 1365 2275 Kleidung
1381 2228 1473 2267 eines
1487 2226 1655 2274 gemeinen

299 2279 502 2332 Soldaten/
510 2271 615 2329 damit
618 2282 792 2332 Joſaphat
795 2274 862 2335 fuͤr
867 2288 924 2334 ihn
935 2285 1056 2335 moͤchte
1068 2282 1246 2332 angeſehen
1256 2280 1406 2321 werden/
1414 2278 1481 2318 und
1492 2277 1560 2326 alſo
1570 2275 1659 2322 deſto

299 2338 369 2386 ehe/
378 2344 473 2379 wenn
490 2334 532 2379 ſie
542 2334 606 2394 auf
612 2337 667 2381 ihn
679 2337 818 2384 zieleten/
827 2336 904 2379 ums
917 2339 1018 2381 Leben
1033 2338 1194 2378 kommen.
1235 2321 1421 2382 Wiewohl
1416 2321 1589 2382 Joſephus,
1600 2328 1660 2368 der

301 2385 464 2439 Juͤdiſche
475 2386 864 2435 Geſchicht⸗Schreiber/
878 2391 925 2438 (f)
939 2390 1009 2430 eine
1025 2389 1148 2429 andere
1166 2383 1290 2433 Urſach
1309 2382 1412 2430 geben
1433 2381 1514 2421 will/
1534 2378 1603 2425 daß
1622 2383 1660 2418 es

299 2438 440 2490 nemlich
447 2438 560 2496 darum
582 2438 750 2486 geſchehen
761 2440 826 2487 ſey/
842 2441 950 2482 damit
967 2442 1027 2479 des
1036 2434 1161 2485 Michaͤ
1177 2435 1407 2482 Weiſſagung
1420 2430 1509 2477 deſto
1525 2429 1580 2474 ehe
1594 2428 1664 2474 feh⸗

303 2493 357 2535 len
369 2489 441 2531 und
455 2498 491 2536 zu
500 2486 601 2546 nichte
614 2489 766 2538 gemacht
779 2493 912 2534 werden
923 2489 1057 2534 moͤchte/
1067 2485 1140 2534 haͤlt
1152 2492 1189 2529 es
1202 2486 1248 2528 im
1265 2483 1400 2531 ůbrigen
1415 2478 1476 2521 mit
1490 2480 1551 2520 den
1563 2480 1661 2529 LXX.

876 2540 972 2584 Kkk
972 2540 1059 2584 kkk
1059 2540 1139 2584 kkk
1139 2540 1174 2584 3

1565 2526 1666 2570 Dol⸗‏

346 2593 399 2638 (e)
420 2588 547 2642 Juvenal.
555 2588 642 2642 Satyr.
653 2594 679 2629 8.
688 2603 714 2634 p.
730 2588 791 2642 41.
814 2597 872 2637 (f)
894 2595 1005 2634 Antiqu.
1016 2588 1081 2642 Jud.
1090 2592 1139 2622 lib.
1149 2593 1209 2625 8.c.
1219 2596 1270 2620 10.‏

1689 644 1715 667 v.
1733 639 1781 673 30.
