1556 2250
158 320 244 384 des
244 320 397 384 Herrn
397 320 512 384 Joh.
512 320 727 384 Stephan
727 320 948 384 Bernhard.

972 310 1059 371 651

142 428 206 462 und
232 420 386 470 Sorgfalt
404 416 566 471 angelegen
584 413 652 462 ſeyn
670 415 772 461 laſſen.
823 412 911 454 Dieß
935 415 970 456 iſt
995 418 1056 451 das

145 476 250 511 wahre
265 475 339 516 Lob,
367 463 491 507 welches
515 470 624 513 dieſem
646 467 815 507 Gelehrten
837 464 868 501 in
886 467 938 499 der
957 463 1060 501 berli⸗

144 519 283 576 niſchen
301 523 534 571 Bibliothek,
559 537 575 568 3
587 523 647 565 B.
669 508 773 566 3St.
797 527 853 564 283
870 516 927 558 S.
954 519 1061 561 beyge⸗

147 579 236 624 leget,
261 582 322 614 und
340 576 431 619 gleich
445 574 563 617 darauf
587 571 799 617 hinzugefuͤget
822 574 920 612 wird,
946 568 1006 609 daß
1027 577 1060 602 er

149 628 242 671 ſeiner
265 622 452 668 Vaterſtadt
470 622 529 657 viel
551 611 637 666 Ehre
662 609 778 655 mache.
832 616 928 660 Dieſe
951 616 985 655 iſt
1003 616 1062 649 das

150 678 308 725 beruͤhmte
333 680 396 712 und
411 673 565 723 praͤchtige
580 672 718 715 Berlin,
747 683 795 706 wo
809 670 868 710 ſein
887 668 971 714 Herr
989 666 1064 707 Va⸗

151 720 215 776 ter,
240 724 399 771 Gabriel
419 721 614 771 Bernard,
636 721 709 763 noch
726 723 777 758 als
801 719 948 762 deutſcher
971 717 1066 758 refor⸗

151 778 258 817 mirter
276 774 448 824 Prediger,
476 776 537 810 und
554 769 721 821 Jnſpector
739 771 793 808 bey
816 773 873 807 den
889 759 1067 806 Gemeinen

153 831 213 876 auf
233 836 302 869 dem
319 827 471 872 Werder,
495 828 558 864 und
574 825 632 868 auf
653 830 704 864 der
720 822 877 869 Neuſtadt
900 821 943 858 im
963 820 1067 865 Amte,

153 883 257 929 ſtehet.
308 880 420 927 Dieſer
442 879 480 925 iſt
494 885 555 914 aus
577 877 676 914 einem
699 884 791 920 guten
819 872 1005 917 Geſchlechte
1034 872 1070 907 in

153 932 337 982 Frankreich
357 929 556 976 entſproſſen,
579 932 643 967 und
659 928 717 974 ſein
741 924 874 966 Bruder
889 925 925 969 iſt
951 927 1002 960 der
1021 922 1073 960 be⸗

157 982 281 1032 ruͤhmte
302 977 472 1026 Banquier
486 970 664 1019 Bernard
684 972 834 1020 geweſen,
865 970 986 1013 welcher
1011 979 1070 1006 vor

157 1028 330 1083 ohngefaͤhr
354 1032 387 1066 16
402 1027 532 1075 Jahren
549 1041 583 1075 zu
599 1028 702 1073 Paris
724 1025 911 1072 verſtorben,
935 1027 998 1061 und
1016 1022 1074 1067 bey

159 1085 240 1133 nahe
271 1084 330 1121 alle
349 1081 427 1126 ſeine
450 1079 584 1126 Schaͤtze
607 1084 676 1115 dem
700 1074 985 1122 allerchriſtlichſten
1007 1073 1076 1112 Koͤ⸗

159 1136 232 1177 nige
253 1128 407 1172 vermacht
430 1127 494 1175 hat.
544 1118 615 1167 Die
632 1125 764 1166 Mutter
780 1122 886 1165 unſers
902 1119 1086 1165 Gelehrten

160 1186 198 1230 iſt
213 1176 277 1221 eine
294 1179 444 1230 gebohrne
453 1175 610 1227 Girard,
625 1175 791 1224 gleichfalls
801 1182 860 1212 aus
877 1172 975 1209 einem
993 1170 1078 1214 fran⸗

147 1239 297 1293 zoͤſiſchen
308 1234 501 1284 Geſchlechte.
540 1234 620 1273 Von
637 1232 727 1280 dieſer
744 1234 833 1270 ward
849 1240 892 1281 er,
908 1226 953 1268 im
962 1224 1074 1279 Jahre

163 1293 246 1334 1718,
261 1295 303 1324 an
318 1287 379 1323 das
393 1282 466 1330 Licht
481 1285 535 1323 der
548 1274 639 1322 Welt
662 1276 790 1329 geſetzet.

240 1360 297 1411 Jn
312 1363 381 1405 dem
398 1354 625 1403 bernardiſchen
643 1353 749 1402 Hauſe
765 1352 927 1403 herrſchete
941 1351 1008 1389 eine
1016 1350 1083 1398 ſehr

164 1413 238 1460 gute
252 1416 317 1450 und
339 1409 474 1450 uͤberaus
489 1406 666 1457 anſtaͤndige
688 1402 869 1452 Erziehung
884 1408 935 1440 der
949 1398 1084 1447 Kinder,

166 1474 229 1504 von
252 1460 375 1507 welcher
400 1460 494 1508 dieſer
516 1459 618 1507 aͤlteſte
652 1456 755 1507 Sohn
786 1455 898 1495 bereits
930 1455 959 1493 in
990 1451 1084 1497 ſeiner

168 1514 321 1565 Kindheit
344 1514 438 1558 große
466 1510 632 1557 Vortheile
655 1520 719 1555 zog.
777 1509 848 1550 Die
870 1507 1005 1545 Gruͤnde
1031 1507 1086 1544 der

168 1563 418 1617 Wiſſenſchaften
443 1563 498 1610 hat
524 1571 559 1598 er
593 1561 799 1607 vornehmlich
822 1556 881 1603 auf
908 1560 978 1594 dem
1018 1553 1088 1603 Jo⸗

148 1604 448 1656 achimsthaliſchen
465 1593 661 1647 Gymnaſio,
686 1607 774 1636 unter
791 1605 847 1635 den
866 1598 984 1641 Herren
1002 1602 1087 1642 Pro⸗

171 1669 316 1722 feſſoren,
341 1660 529 1715 Heinius,
557 1660 762 1710 Muzelius,
792 1658 992 1704 Becmann
1025 1661 1089 1694 und

934 1714 1088 1757 Naude,

252 1775 325 1826 noch
347 1791 436 1820 zweer
455 1778 586 1820 Maͤnner
606 1780 666 1816 aus
685 1778 787 1820 dieſem
805 1775 952 1819 gelehrten
965 1776 1089 1815 Europa

259 1826 431 1875 erwaͤhnen,
460 1831 550 1864 denen
566 1829 609 1863 ein
625 1826 748 1870 gleiches
769 1826 971 1868 widerfahren.
1021 1825 1093 1859 Den

257 1876 356 1920 Herrn
370 1883 433 1908 von
445 1872 587 1909 Stavern
602 1868 651 1909 hat
672 1871 720 1904 der
744 1868 838 1910 ſeelige
853 1866 1016 1907 Heuſinger
1032 1865 1094 1898 Ar⸗

258 1917 333 1953 nold
363 1919 509 1956 genennet.
539 1912 586 1951 S.
611 1913 701 1954 deſſen
721 1912 820 1952 Nepos
852 1921 880 1950 p.
900 1915 937 1942 18.
966 1909 1024 1941 und
1044 1907 1095 1940 der

259 1961 340 2000 Herr
350 1967 410 1994 von
417 1955 535 1997 Hamm
552 1948 634 1995 traͤgt
651 1953 737 1996 beym
747 1952 844 1997 Herrn
852 1948 1028 1988 Schlichter
1042 1947 1097 1985 den

263 2003 437 2044 Vornamen
451 2000 627 2042 Abraham.
