1649 2447
596 555 697 608 durch
713 551 846 605 dieſelbe
864 551 1089 605 empfangene
1106 551 1300 603 Wohlthat
1316 559 1354 600 zu
1371 549 1508 601 preiſen.

1026 623 1056 645 2.

649 662 739 714 Zum
749 660 899 706 Beweiß
909 660 1013 708 deſſen
1023 655 1161 706 dienet/
1153 662 1234 701 was
1242 658 1294 698 ein
1308 654 1511 703 vornehmer

597 723 666 759 von
683 715 775 759 Adel
793 717 862 759 und
878 711 1076 765 Fuͤrſtlicher
1091 711 1192 762 hoher
1201 710 1371 751 Miniſter
1387 710 1509 757 hievon

600 771 635 809 in
649 768 766 818 dieſem
783 772 916 811 1708ten
938 762 1057 813 Jahre
1077 773 1123 805 an
1151 765 1245 806 einen
1268 761 1369 811 ſeiner
1402 765 1509 809 guten

595 823 753 874 Freunde
777 819 938 870 berichtet.
987 820 1106 866 Seine
1121 819 1253 862 Worte
1273 817 1385 860 lauten
1396 818 1512 858 davon

597 874 729 924 „alſo:
755 877 813 916 der
845 871 1060 924 Allerhoͤchſte
1096 873 1207 916 GOtt
1234 871 1295 921 hat
1319 880 1377 913 am
1411 868 1510 916 Licht⸗

600 923 831 979 „Meß⸗Tage
855 924 957 971 durch
987 927 1039 969 die
1061 921 1255 964 Eſſentiam
1285 920 1431 962 dulcem
1457 921 1512 961 ein

600 981 710 1031 „recht
726 977 881 1019 Miracul
906 988 951 1021 an
974 983 1104 1021 meines
1133 974 1308 1023 Bruders
1334 974 1430 1025 Frau
1452 982 1509 1020 ge⸗

599 1033 715 1083 „than.
769 1032 845 1079 Sie
863 1034 921 1080 hat
936 1031 1039 1079 einige
1056 1029 1129 1081 Zeit
1138 1031 1194 1078 her
1205 1029 1275 1082 ſehr
1283 1029 1383 1080 ſtarck
1390 1040 1434 1072 an
1452 1032 1511 1070 der

599 1087 727 1140 „Gicht
743 1085 936 1129 laboriret/
953 1088 1025 1130 und
1040 1085 1116 1128 weil
1133 1083 1192 1137 ſich
1212 1083 1315 1134 ſolche
1352 1088 1422 1125 aus
1446 1086 1511 1124 den

601 1140 788 1187 „Gliedern
804 1140 840 1182 in
854 1141 917 1181 den
934 1133 1009 1179 Leib
1026 1135 1194 1185 gezogen/
1210 1136 1268 1180 lag
1292 1133 1333 1183 ſie
1356 1136 1448 1184 gantz
1470 1131 1512 1171 in

600 1200 760 1242 „agone,
786 1198 861 1233 war
880 1189 970 1240 ſchon
995 1183 1250 1239 eingeſegnet/
1246 1186 1414 1238 Sprache
1440 1189 1512 1229 und

602 1247 726 1295 „Puls
739 1253 813 1285 war
829 1247 935 1297 weg/
946 1241 1220 1284 Convulſiones
1253 1245 1408 1289 erregten
1436 1233 1513 1288 ſich/

602 1305 696 1342 „und
710 1300 848 1339 wartete
868 1306 949 1338 man
968 1297 1069 1345 (weil
1088 1299 1146 1338 der
1164 1293 1339 1337 Medicus
1358 1293 1447 1346 ſelbſt
1456 1293 1512 1340 ihr

601 1357 693 1401 „das
709 1351 810 1396 Leben
827 1351 929 1401 voͤllig
947 1347 1203 1403 abgeſprochen)
1213 1350 1306 1398 ihres
1315 1347 1437 1393 Endes
1450 1358 1512 1391 au⸗

602 1404 840 1454 „genblicklich.
891 1405 961 1449 Als
975 1404 1057 1447 aber
1072 1412 1110 1452 zu
1124 1404 1222 1446 allem
1239 1398 1351 1447 Gluͤck
1370 1406 1437 1445 mir
1460 1397 1513 1443 die

600 1462 752 1514 „Eſſentz
767 1462 904 1511 einfiel/
902 1467 974 1504 und
990 1461 1043 1512 ihr
1058 1460 1155 1512 ſolche
1171 1462 1332 1512 zweymal
1359 1459 1512 1506 eingege⸗

602 1518 687 1554 „ben
703 1517 802 1562 war/
821 1510 945 1555 wachte
962 1508 1001 1554 ſie
1038 1504 1105 1555 auf
1125 1505 1250 1548 einmal
1281 1506 1404 1546 wieder
1418 1493 1514 1553 auf/

601 1569 694 1614 „fing
709 1572 754 1604 an
762 1572 801 1612 zu
810 1568 942 1614 reden/
956 1568 1028 1606 und
1038 1563 1146 1614 ſagte:
1172 1568 1210 1604 es
1220 1558 1333 1608 waͤre/
1341 1563 1398 1604 als
1406 1561 1449 1602 ob
1459 1562 1513 1607 ihr

604 1620 738 1661 „etwas
755 1617 805 1662 ſey
822 1622 901 1654 vom
918 1613 1061 1663 Hertzen
1079 1611 1265 1659 abgezogen
1275 1608 1514 1659 worden(wel⸗

604 1674 701 1721 „ches
716 1669 775 1719 ſich
791 1667 873 1720 kurtz
887 1669 1010 1715 vorher
1027 1667 1137 1714 etliche
1150 1669 1221 1709 mal
1237 1665 1340 1717 ſtarck
1364 1665 1513 1712 beweget

604 1724 742 1773 „hatte)
752 1727 821 1763 und
839 1721 955 1765 wuͤrde
972 1725 1025 1763 ihr
1046 1729 1121 1763 nun
1136 1722 1229 1770 gantz
1239 1718 1349 1765 wohl;
1373 1721 1444 1761 und
1453 1720 1510 1761 als

606 1775 763 1829 „darauf
773 1782 834 1821 mit
851 1782 908 1819 der
925 1775 1053 1827 Eſſentz
1063 1776 1173 1822 ferner
1183 1772 1413 1826 fortgefahren
1421 1780 1515 1814 wur⸗

606 1837 692 1886 „de/
713 1828 849 1878 uͤberfiel
870 1827 910 1876 ſie
927 1839 1033 1878 gegen
1050 1827 1170 1870 Abend
1180 1828 1248 1870 eine
1264 1828 1381 1878 ſtarcke
1390 1819 1517 1873 Angſt/

606 1887 699 1927 „fing
721 1877 851 1925 darauf
863 1885 908 1915 an
928 1884 966 1922 zu
983 1874 1169 1928 vomiren/
1185 1878 1256 1917 und
1271 1872 1429 1920 nachdem
1447 1865 1511 1914 viel

605 1936 786 1982 „heßlicher
800 1931 963 1979 Schleim
979 1933 1215 1985 weggangen/
1238 1927 1363 1979 befand
1387 1929 1429 1980 ſie
1454 1923 1513 1977 ſich

609 1992 731 2038 „voͤllig
746 1985 967 2035 erleichtert/
988 1988 1058 2028 und
1077 1985 1113 2028 iſt
1137 1996 1209 2029 nun
1235 1985 1291 2027 bis
1313 1982 1401 2024 dato
1422 1976 1514 2034 gantz

609 2049 733 2103 „fein/
735 2054 802 2086 nur
827 2041 893 2093 daß
910 2045 960 2087 die
976 2041 1316 2097 Gicht⸗Schmertzen
1331 2039 1373 2091 ſie
1397 2052 1443 2084 an
1458 2041 1514 2080 der

607 2103 759 2153 „Hand/
768 2094 902 2138 wiewol
919 2090 1071 2149 leidlich/
1090 2091 1367 2146 incommodiren/
1389 2093 1425 2144 iſt
1435 2088 1516 2133 aber
