1685 2593
415 412 466 450 72

429 492 544 530 großem
565 490 656 526 Gluͤck
675 491 857 529 angewandt.
899 490 961 525 Sie
983 488 1082 528 ſcheint
1096 489 1153 522 mir
1170 488 1237 522 weit
1256 486 1404 527 kraͤftiger,

430 543 476 573 als
497 545 539 574 die
557 539 698 579 blaßgelbe
717 542 783 570 oder
803 539 941 577 gemeine,
963 540 1021 571 und
1040 538 1129 574 gewiß
1154 539 1220 570 eben
1240 539 1267 577 ſo
1286 528 1401 575 kraͤftig,

430 606 477 637 als
498 607 541 638 die
557 603 636 642 rothe
656 612 686 638 zu
710 603 784 643 ſeyn.
825 604 964 641 Mehrere
984 602 1189 641 Wechſelfieber
1206 602 1278 640 habe
1295 603 1332 633 ich
1347 608 1403 632 nur

430 660 484 687 mit
497 655 554 687 drei
569 655 735 690 Drachmen
753 654 819 690 nach
834 651 1094 695 Vorausſchickung
1107 651 1184 682 eines
1196 641 1402 684 Brechmittels

430 716 542 753 geheilt,
556 718 612 745 und
627 714 695 751 dieſe
712 712 810 751 Gabe,
823 712 927 752 ſowohl
939 719 995 744 von
1005 705 1093 751 dieſer
1106 712 1151 743 als
1164 716 1221 741 von
1237 711 1283 740 der
1299 711 1401 744 rothen

430 778 550 815 Rinde,
581 775 652 814 habe
671 776 709 812 ich
727 783 791 815 zum
810 775 945 813 Stopfen
970 775 1049 807 eines
1068 772 1276 812 Fieberanfalls
1294 773 1324 803 in
1349 776 1402 805 den

429 835 544 871 meiſten
565 833 665 871 Faͤllen
686 831 856 871 hinlaͤnglich
874 830 1025 869 gefunden.
1065 830 1150 866 Nach
1170 830 1249 869 ihren
1270 828 1404 869 ſenſibeln

431 885 646 921 Eigenſchaften
659 893 691 920 zu
705 883 856 918 urtheilen,
878 884 951 910 denn
967 881 1028 910 eine
1042 881 1183 916 chemiſche
1196 868 1321 921 Analyſe
1333 877 1404 914 habe

431 948 469 978 ich
488 946 562 978 nicht
582 946 636 984 mt
658 943 701 979 ihr
720 940 879 977 angeſtellt,
908 939 1006 977 ſcheint
1018 924 1061 975 ſie
1081 939 1137 969 mir
1156 938 1221 969 weit
1240 934 1353 968 bitterer
1370 941 1403 973 zu

431 1010 515 1050 ſeyn,
536 1008 582 1042 als
598 1010 638 1041 die
665 1003 786 1052 gemeine
787 1009 921 1043 Rinde.

433 1137 607 1171 Schreiben
623 1136 680 1163 des
693 1136 816 1165 Doktor
829 1136 986 1169 O'Ryan,
1012 1132 1158 1162 vormals.
1168 1116 1336 1175 Profeſſors
1352 1134 1405 1161 der

475 1200 660 1244 praktiſchen
677 1199 818 1243 Medizin
834 1207 885 1234 am
899 1188 1077 1246 Kollegium
1090 1201 1142 1232 der
1156 1196 1274 1239 Aerzte,
1296 1198 1362 1231 und

532 1270 625 1315 erſten
636 1270 746 1310 Arztes
764 1276 804 1305 an
823 1271 890 1303 dem
899 1266 1074 1310 Hospital,
1103 1266 1205 1311 grand
1218 1265 1308 1301 hôtel

597 1338 750 1370 Dieu
766 1341 803 1377 zu
820 1333 903 1375 Lyon
930 1336 964 1372 in
985 1332 1180 1377 Frankreich.

575 1437 632 1469 An
656 1435 704 1481 den
722 1436 829 1470 Doktor
847 1434 945 1470 Relph.

552 1542 642 1577 Mein
655 1540 751 1582 Herr!

1023 1593 1117 1620 London
1134 1586 1176 1625 den
1188 1589 1221 1621 11
1221 1589 1281 1620 Juli
1289 1596 1355 1618 1794.

435 1656 593 1714 Obgleich
613 1674 656 1705 die
674 1674 705 1705 in
729 1673 829 1711 dieſem
841 1673 946 1709 Briefe
971 1670 1156 1710 enthaltenen
1184 1669 1407 1714 Bemerkungen

437 1737 505 1769 nach
519 1738 579 1763 dem
600 1737 663 1764 was
679 1730 741 1766 Sie
753 1731 820 1763 uͤber
840 1731 882 1762 die
897 1731 973 1770 gelbe
988 1730 1164 1770 Chinarinde
1176 1728 1344 1766 geſchrieben
1359 1728 1408 1768 ha⸗

436 1796 509 1828 ben,
529 1790 662 1829 vielleicht
678 1787 885 1829 groͤßtentheils
905 1787 1064 1827 uͤberfluͤßig
1084 1787 1149 1827 ſeyn
1163 1785 1277 1826 moͤgen,
1298 1787 1326 1827 ſo
1343 1787 1409 1820 koͤn⸗

438 1857 495 1874 nen
510 1853 543 1881 ſie
555 1850 619 1877 doch
634 1838 803 1877 wenigſtens
818 1838 922 1877 zeigen,
944 1841 998 1874 daß
1013 1838 1095 1875 alles,
1115 1842 1180 1871 was
1195 1839 1261 1875 auch
1274 1843 1307 1876 zu
1319 1836 1407 1869 Gun⸗

438 1913 494 1937 ſten
514 1908 600 1931 dieſes
623 1902 814 1933 vortreflichen
833 1896 1047 1931 Arzneimittels
1069 1897 1164 1931 geſagt
1190 1882 1301 1924 werden
1328 1902 1408 1927 mag,

442 1968 506 1999 doch
527 1965 599 1994 nicht
614 1961 760 1998 dasjenige
777 1959 946 2000 uͤbertreffen
960 1958 1050 1995 kann,
1074 1966 1138 1990 was
1151 1959 1193 1990 die
1207 1957 1408 1996 bewaͤhrteſten

439 2026 560 2051 Proben
576 2020 650 2049 ihrer
660 2017 867 2046 Wirkſamkeit,
891 2015 993 2052 welche
1006 2021 1056 2038 man
1065 2012 1123 2045 auf
1135 2015 1197 2040 dem
1210 1996 1295 2050 feſten
1303 2005 1423 2042 Lande,

439 2080 489 2116 ſeit
511 2081 597 2114 ſieben
612 2080 731 2113 Jahren
747 2075 861 2112 geſehen
881 2074 947 2110 hat,
968 2070 1023 2109 auf
1036 2070 1097 2102 eine
1111 2078 1184 2110 ganz
1202 2068 1410 2109 unbezweifelte

439 2151 532 2185 Weiſe
552 2149 686 2186 darthun.

517 2195 578 2228 Die
599 2192 675 2230 gelbe
694 2192 791 2224 Rinde
808 2190 906 2222 wurde
930 2189 970 2222 im
990 2186 1127 2228 Anfange
1154 2189 1204 2220 des
1224 2184 1408 2221 Novembers
