1551 2592
427 459 507 496 494

754 454 1083 501 JEſus⸗Lieder.

398 505 488 568 und
502 519 626 576 Noth
644 518 738 576 hielt
755 517 946 573 allerſeits
962 526 1179 575 gefangen,
1196 520 1250 565 da
1268 513 1431 577 nahmſt

399 580 456 622 du
472 574 570 629 mich
593 587 635 623 in
652 580 790 625 deinen
809 575 982 630 Schos,
1013 578 1098 624 und
1122 576 1308 635 machteſt
1333 575 1430 632 mich

396 647 481 685 von
492 638 781 687 Suͤndenlos,
806 642 862 686 die
876 638 974 693 mich
987 639 1203 697 verſtricket
1213 642 1373 697 hatten.

459 695 501 737 6.
512 694 659 740 Koͤnnt
669 690 766 745 auch
776 689 888 748 wohl
899 694 1060 745 jemand
1070 694 1112 742 in
1122 696 1191 743 der
1203 693 1323 745 Welt
1331 689 1427 747 mich

398 760 533 819 haben
543 763 661 817 mehr
670 759 843 815 geliebet,
860 763 926 808 als
936 762 1052 817 dieſer
1060 761 1199 821 HErr
1207 765 1294 811 und
1305 764 1429 818 Him⸗

398 816 645 874 mels⸗Held,
665 821 733 864 der
757 817 823 865 mir
847 828 914 875 zur
926 818 1075 875 Speiſe
1093 815 1215 878 giebet
1235 815 1323 876 ſein
1313 822 1429 871 Blut

395 879 483 923 und
494 876 621 929 ſeinen
630 874 806 932 wahren
813 876 922 931 Leib,
936 879 1069 925 damit
1076 888 1121 926 er
1129 876 1225 934 ſtets
1234 876 1428 934 vereinigt

396 937 519 986 bleibt
538 937 616 982 mit
634 945 786 984 meiner
805 947 954 985 armen
969 938 1136 985 Selen?

459 1011 505 1052 7.
535 994 670 1047 Nun,
669 987 774 1050 deine
800 988 910 1046 Liebe
927 999 1000 1050 hat
1010 992 1078 1048 ſich
1088 1003 1204 1051 zwar
1214 1005 1271 1042 an
1279 998 1429 1044 meiner

399 1054 489 1103 Sel
514 1052 728 1109 erwieſen,
759 1051 886 1111 dafuͤr
907 1055 963 1101 du
991 1058 1070 1111 jetzt
1094 1055 1180 1102 und
1201 1055 1427 1104 immerdar

394 1113 496 1173 ſollſt
512 1112 680 1171 ſchuldig
701 1113 792 1172 ſeyn
813 1112 1044 1173 geprieſen:
1085 1112 1241 1175 Jedoch
1264 1114 1352 1168 haſt
1373 1121 1427 1162 du

395 1168 578 1219 daneben
578 1169 695 1233 auch,
713 1167 801 1233 nach
811 1171 943 1219 deiner
960 1169 1104 1229 holden
1111 1170 1225 1221 Liebe
1236 1164 1425 1224 Brauch,

394 1241 466 1290 des
487 1237 627 1289 Leibes
643 1238 745 1294 nicht
760 1237 972 1297 vergeſſen.

457 1299 496 1341 8.
510 1290 594 1340 Du
603 1289 682 1349 haſt
703 1292 773 1339 mir
789 1290 930 1350 taͤglich
940 1291 1080 1350 Speis
1090 1294 1177 1342 und
1185 1292 1350 1345 Tranck
1366 1299 1425 1349 ge⸗

397 1352 559 1412 ſchenckt
568 1363 617 1412 zu
628 1353 765 1411 dieſem
773 1352 918 1410 Leben,
933 1352 1121 1413 wiewohl
1121 1352 1182 1413 ich
1192 1357 1255 1403 dir
1263 1366 1341 1410 gar
1350 1361 1425 1404 we⸗

398 1414 469 1458 nig
478 1409 627 1449 Danck
644 1408 726 1459 hab
738 1406 984 1459 oftermahls
1001 1405 1198 1459 gegeben:
1215 1394 1426 1458 Wiewohl

395 1473 448 1529 ich
465 1472 543 1529 dich
553 1485 631 1531 gar
640 1474 699 1531 oft
709 1472 894 1532 betruͤbt,
911 1474 998 1535 haſt
1007 1482 1062 1525 du
1073 1473 1162 1532 doch
1176 1486 1210 1534 je
1219 1477 1304 1526 und
1314 1476 1346 1533 je
1357 1482 1418 1531 ge⸗

396 1536 491 1584 liebt
507 1535 628 1591 mich,
659 1538 728 1585 der
737 1535 789 1594 ich
807 1539 884 1593 dich
894 1536 1102 1593 verlaſſen.

461 1594 503 1624 9.
536 1586 638 1626 Ach!
656 1586 754 1629 hilf,
780 1583 859 1626 daß
877 1585 929 1626 ich
946 1586 1022 1620 mit
1039 1581 1208 1630 wahrer
1223 1556 1315 1625 Lieb
1332 1564 1424 1623 mich

397 1642 515 1700 moͤge
525 1647 588 1690 dir
598 1647 794 1700 ergeben:
824 1644 924 1698 Ach!
941 1645 1028 1703 gib,
1045 1643 1125 1701 daß
1148 1645 1202 1701 ich
1225 1645 1305 1701 dich
1323 1641 1421 1695 nicht

396 1701 544 1751 betruͤb
561 1702 701 1760 allhier
711 1705 788 1752 mit
799 1702 930 1758 boͤſem
938 1705 1081 1758 Leben,
1089 1705 1260 1760 ſondern
1269 1706 1332 1754 dir
1340 1701 1422 1752 moͤ⸗

396 1770 443 1813 ge
462 1762 663 1803 danckbar
680 1764 790 1814 ſeyn,
843 1760 951 1814 HErr
976 1760 1105 1821 JEſul!
1136 1766 1214 1806 vor
1227 1759 1287 1808 die
1297 1742 1421 1814 Angſt

399 1838 487 1885 und
496 1832 632 1893 Pein,
662 1837 700 1891 ſo
720 1838 776 1884 du
791 1833 863 1892 fuͤr
872 1834 970 1888 mich
987 1835 1163 1890 gelitten.

454 1896 516 1926 10.
548 1880 941 1935 Dieweil
736 1883 825 1944 mich
847 1881 936 1944 aber
958 1881 1050 1937 dieſe
1059 1878 1180 1930 Welt
1200 1875 1423 1939 oftmahlen

395 1943 471 1992 hat
481 1941 672 1986 bewogen
681 1949 731 1988 zu
740 1943 864 1982 lieben
874 1941 991 1991 dieſes
1002 1937 1274 1994 Erden⸗Feld,
1292 1935 1330 1992 ſo
1339 1922 1422 1991 hilf,

395 2003 476 2054 daß
492 2000 544 2052 ich
561 2004 750 2051 entzogen
767 2004 879 2047 werd
896 2001 995 2048 aller
1010 1998 1175 2058 falſchen
1185 1998 1321 2050 Freud
1338 1997 1419 2046 und

394 2062 515 2123 Luſt,
544 2064 602 2113 die
625 2061 710 2118 mich
730 2066 796 2113 mit
820 2061 955 2124 vieler
938 2054 1424 2126 Suͤnden⸗Wuſt
1285 2051 1425 2125 geden⸗

400 2130 474 2180 cket
492 2125 755 2187 anzuſtecken.

455 2193 505 2222 11.
538 2180 640 2228 Ach!
657 2175 771 2228 ziehe,
793 2172 890 2229 ziehe
915 2173 995 2239 mich
1011 2172 1109 2230 nach
1126 2174 1190 2224 dir
1206 2173 1328 2231 durch
1338 2170 1424 2222 dein

394 2244 547 2289 Wort,
565 2246 643 2281 das
652 2235 868 2291 dulehreſt,
880 2237 1067 2290 alsdenn,
1085 2236 1259 2284 alsdenn
1268 2234 1306 2285 ſo
1320 2224 1428 2284 lauf⸗

1332 2302 1401 2352 fen
