1683 2511
195 588 238 625 Er
252 588 326 622 blieb
341 585 391 618 bis
409 592 473 626 zum
487 580 571 622 Jahr
590 579 670 619 1634
685 575 812 619 Pfarrer
825 576 855 608 in
870 571 1015 611 Grunau,
1024 567 1062 616 da

195 641 224 666 er
241 638 291 668 den
304 632 373 668 Ruf
383 634 454 669 nach
469 625 650 669 Weißenfels
667 626 715 659 als
736 622 868 658 Diakon.
891 617 1065 658 bekommen,

197 675 298 712 wohin
312 680 341 705 er
355 676 493 713 gezogen,
517 674 576 701 und
603 665 720 707 daſelbſt
743 672 792 696 am
814 670 861 700 23.
878 659 954 701 Jan.
983 660 1067 695 1641

197 719 369 757 verſtorben.
415 715 459 751 Er
479 716 512 754 iſt
537 720 581 745 ein
596 711 640 750 gel
669 711 729 744 und
747 708 878 747 fleißiger
893 705 996 740 Mann
1017 710 1067 741 ge⸗

199 761 298 800 weſen,
319 762 380 794 und
400 757 451 797 hat
471 754 666 793 unterſchiedl.
682 752 722 785 im
739 750 838 785 Druck
858 747 967 783 heraus
985 751 1069 785 gege⸗

198 802 262 843 ben,
284 813 305 845 z.
329 803 367 838 E.
391 804 436 835 die
456 800 502 838 LP
538 798 595 835 auf
612 800 664 830 den
688 794 763 835 Hrn.
784 800 812 826 v.
833 783 990 832 Zſcheplitz,
1012 790 1066 826 4to

199 845 319 891 Leipzig,
347 845 435 885 1625.
480 843 540 879 Die
562 842 616 883 LP.
642 839 713 878 auf
728 833 792 880 den
797 837 863 877 Hrn
896 842 913 866 v
939 833 1070 872 Draſch⸗

202 895 274 935 witz,
297 903 325 932 4.
346 892 408 923 ibid
433 892 523 930 1623.
568 888 668 925 Seine
694 879 1070 926 Probe ⸗ Valet  ⸗ und An⸗

202 936 375 977 zugspredd.
400 932 452 970 hat
475 939 504 965 er
526 929 684 968 zuſammen
711 927 827 960 drucken
850 921 974 965 laſſen;
996 919 1068 959 ingl.

204 990 223 1017 4
239 979 346 1020 Predd.
358 985 427 1011 vom
443 965 984 1017 Kleider ⸗ Hoffart ⸗ u. Weiberpracht,
997 963 1071 1003 ingl.

208 1016 649 1060 Hoffarts⸗und Ehrenſpiegel,
663 1021 694 1048 in
707 1017 785 1054 4to
769 1012 800 1054 zu
808 1009 916 1052 Leipzig
927 1006 1072 1049 gedruckt.

167 1054 196 1095 5.
216 1062 259 1093 M.
276 1058 395 1098 George
414 1053 567 1094 Kaphahn
616 1052 691 1087 Geb.
717 1057 749 1092 zu
769 1051 887 1088 Leipzig,
915 1050 994 1082 1604
1017 1055 1074 1074 den

207 1112 227 1142 6
247 1107 418 1149 Hornung;
453 1105 554 1137 wurde
575 1102 669 1140 hieher
687 1098 804 1135 berufen
820 1105 867 1130 ao.
891 1095 987 1133 1634,
1010 1095 1075 1125 und

208 1161 257 1188 am
271 1163 307 1186 21
326 1151 410 1189 May
425 1145 610 1188 confirmiret.
646 1147 732 1179 Unter
739 1143 801 1178 ihm
820 1139 914 1177 haben
918 1139 963 1181 av.
985 1139 1077 1176 1647,

209 1196 254 1230 die
274 1184 629 1236 Kirchweihungspredd.
648 1188 678 1221 in
703 1177 803 1227 dieſem
824 1180 997 1223 Kirchſpiele
1021 1181 1078 1214 den

210 1238 331 1278 Anfang
350 1238 538 1275 genommen,
560 1232 598 1266 da
614 1228 739 1266 vorhero
761 1227 849 1269 dergl.
865 1225 942 1260 nicht
961 1225 1002 1256 im
1018 1221 1082 1259 Ge⸗

210 1282 316 1319 brauch
325 1281 459 1324 geweſen.
475 1280 522 1317 Er
537 1279 559 1316 ſt.
582 1286 631 1311 am
648 1283 657 1310 8
668 1274 755 1318 Febr.
771 1276 861 1312 1671,
873 1270 965 1311 ſeines
979 1268 1079 1305 Alters

212 1333 250 1372 67
255 1327 340 1371 Jahr
352 1320 370 1365 2
377 1325 459 1366 Tage
471 1328 532 1359 und
540 1322 592 1362 hat
601 1322 642 1356 im
647 1311 828 1364 30jaͤhrigen
837 1312 940 1359 Kriege
947 1310 1006 1360 ſehr
1018 1314 1078 1350 viel

213 1372 435 1414 ausgeſtanden.
447 1371 529 1408 Sein
537 1367 664 1406 Bildniß
673 1362 908 1405 inLebensgroͤße
919 1357 1082 1397 ausStein

214 1416 351 1446 gehauen,
360 1410 443 1446 ſtehet
451 1414 537 1446 neben
550 1416 611 1446 dem
625 1409 730 1446 Altare.
747 1408 801 1446 Jhm
822 1407 914 1445 folgte
928 1399 995 1448 ſein
1010 1402 1080 1444 Sohn

178 1447 207 1484 6.
227 1450 360 1488 Samuel
377 1448 538 1487 Kaphahn,
554 1448 620 1475 Sen.
645 1446 719 1476 Geb.
738 1449 763 1473 d.
779 1448 817 1477 25
834 1444 892 1472 Oct.
923 1446 1008 1473 1642,
1024 1446 1084 1473 auf

217 1503 281 1539 dem
300 1501 374 1537 adel.
401 1498 499 1542 Hauſe
524 1494 667 1536 Domßen
688 1496 741 1537 (t)
791 1491 903 1526 Wurde
928 1496 973 1522 ao.
1001 1486 1083 1528 1663

202 1543 266 1580 am
287 1541 447 1585 Dienſtage
467 1539 539 1578 nach
554 1535 697 1574 Cantate,
720 1536 768 1570 als
791 1536 840 1568 des
854 1532 977 1569 Vaters
993 1530 1084 1567 Sub⸗

183 1587 326 1628 ſtitute,
348 1584 505 1624 ordiniret,
529 1585 589 1616 und
611 1579 711 1621 erhielt
733 1586 778 1612 ao.
800 1577 876 1616 1671
899 1577 956 1608 das
973 1572 1085 1613 voͤllige

217 1634 292 1668 Amt.
339 1629 446 1669 Starb
465 1637 512 1662 ao.
531 1634 622 1667 1703.
667 1624 750 1660 Sein
765 1621 920 1661 Bruſtbild
934 1613 1030 1660 haͤngt
1043 1624 1088 1650 an

218 1677 267 1707 der
280 1675 393 1707 Wand,
406 1669 495 1707 neben
511 1672 575 1704 dem
589 1668 698 1704 Altare.
718 1666 797 1709 Jhm
812 1665 904 1705 folgte
918 1661 975 1701 ſein
987 1660 1087 1701 Sohn

182 1712 210 1745 7.
228 1712 361 1749 Samuel
368 1708 529 1749 Kaphahn,
541 1707 601 1743 jun.
611 1707 713 1750 allhier
720 1704 864 1744 gebohren
878 1704 968 1740 1667.
992 1702 1088 1732 Wur⸗

223 1760 256 1796 de
269 1760 361 1801 ſeines
375 1757 494 1794 Vaters
508 1753 681 1794 Subſtitute
697 1759 743 1784 ao.
756 1755 857 1788 1700,
870 1755 920 1779 am
935 1755 978 1787 27
991 1747 1087 1787 Sept.

223 1803 285 1836 und
294 1800 391 1838 bekam
404 1807 482 1838 1703
502 1796 560 1830 das
574 1791 683 1836 voͤllige
698 1794 775 1827 Amt.
797 1789 875 1825 Lebte
890 1797 919 1821 in
937 1788 1088 1827 doppelter

224 1844 286 1886 Ehe
305 1855 344 1888 25
363 1844 465 1886 Jahr,
486 1842 548 1875 und
569 1843 666 1882 zeugte
690 1848 699 1878 3
718 1833 838 1877 Soͤhne,
859 1836 912 1869 und
928 1843 943 1872 7
954 1831 1093 1872 Toͤchter.

223 1887 325 1926 Starb
336 1893 363 1925 d.
377 1899 412 1929 14
420 1880 512 1930 Maͤrz
525 1890 612 1925 1727,
621 1886 661 1917 im
670 1881 770 1919 60ſten
779 1879 863 1919 Jahr
872 1879 965 1917 ſeines
974 1879 1094 1911 Alters.

226 1927 269 1966 Er
279 1931 377 1967 bekam
384 1928 455 1964 bald
470 1927 541 1965 nach
555 1927 620 1960 dem
635 1923 772 1965 Anfange
786 1922 839 1953 des
861 1923 993 1958 1727ten
1007 1921 1094 1958 Jah⸗

223 1977 271 2007 res
290 1985 353 2008 zum
371 1971 564 2008 Subſtituten

187 2008 213 2038 8.
232 2008 361 2052 Johann
377 2015 475 2042 Adam
488 2010 640 2046 Schmalz,
649 2005 732 2037 eines
741 2004 976 2036 Schulmeiſters
983 2008 1093 2036 Sohn,

227 2063 283 2097 aus
297 2061 436 2105 Leißling,
450 2058 570 2099 welcher
584 2057 671 2094 aber,
696 2054 766 2094 nach
786 2054 849 2084 dem
865 2053 949 2087 Tode
958 2052 1009 2083 des
1026 2053 1093 2082 Sen.

1019 2103 1093 2150 auch

184 2172 218 2214 t)
242 2176 296 2212 So
322 2178 408 2216 ſtehet
431 2179 489 2215 auf
509 2177 600 2213 deſſen
624 2183 837 2216 Leichenſteine,
860 2176 921 2218 und
941 2181 1019 2218 zwar
1038 2176 1095 2220 mit

201 2217 415 2268 beygefuͤgter
426 2227 573 2265 Urſache:
593 2229 695 2262 wegen
705 2223 816 2252 damal.
828 2218 1096 2253 Kriegstroubeln.
