1514 2194
505 387 531 424 6
547 387 673 430 Jahren
692 390 737 426 ein
755 387 889 433 Kapital
903 398 962 425 von
981 393 1108 436 30000
1127 389 1163 436 fl.
1183 399 1297 429 erwor

506 437 587 478 ben,
613 441 652 472 da
678 449 706 474 er
727 444 773 475 die
780 439 955 484 Lieferung
978 445 1033 478 des
1055 442 1295 487 Champagners

507 488 579 522 eben
604 486 653 529 fuͤr
675 491 804 532 mehrere
830 493 983 534 damalige
1005 491 1128 534 Feſtins
1152 504 1186 539 zu
1208 492 1296 530 uͤber⸗

505 536 662 577 kommen,
683 541 743 572 und
763 547 826 573 von
846 535 936 581 ſeiner
955 540 1052 584 Kunſt
1071 545 1126 577 den
1147 542 1295 584 vortheil⸗

504 594 649 636 hafteſten
660 593 821 634 Gebrauch
839 601 873 637 zu
894 594 1014 634 machen
1036 601 1083 633 die
1094 596 1295 641 Gelegenheit

503 642 597 680 hatte.
651 645 753 679 Wenn
780 653 842 678 nun
869 642 942 682 auch
970 645 1062 687 gleich
1084 649 1181 690 dieſes
1207 648 1294 691 wohl

503 694 665 734 ſchwerlich
687 696 845 739 jemanden
863 697 892 736 ſo
914 697 998 737 leicht
1018 700 1127 732 wieder
1150 700 1291 741 gelingen

503 745 627 787 moͤgte,
656 748 687 786 ſo
707 749 802 783 bleibt
821 750 856 783 es
879 747 950 789 doch
969 749 1086 793 allezeit
1103 754 1150 786 ein
1168 752 1292 793 Mittel,

504 801 557 841 ſich
584 799 667 842 ſelbſt
690 802 786 844 dieſen
811 802 902 838 Wein
931 807 1014 845 gut,
1050 805 1111 836 und
1135 810 1216 848 zwar
1239 810 1291 839 um

504 855 562 884 nur
583 851 702 895 wenige
726 850 876 896 Groſchen
899 861 934 898 zu
954 853 1158 898 verſchaffen,
1187 854 1291 899 wofuͤr

503 915 575 941 man
597 909 638 941 im
649 907 773 949 Handel
791 919 813 946 2
834 911 870 953 fl.
892 910 943 956 bis
963 919 986 946 2
1010 911 1045 953 fl.
1062 917 1114 956 40
1132 909 1170 946 kr.
1185 919 1221 954 zu
1238 920 1291 955 ge⸗

503 956 558 992 ben
582 958 753 1000 gewohnt,
787 961 850 994 und
879 961 977 1006 dabey
1002 961 1074 1001 noch
1098 962 1177 1004 nicht
1204 964 1291 1005 ſicher

502 1007 561 1047 iſt,
597 1007 635 1041 ob
658 1016 729 1042 man
751 1009 829 1048 nicht
848 1012 895 1043 ein
914 1003 1093 1053 gefaͤlſchtes
1117 1015 1179 1048 und
1201 1013 1288 1052 durch

502 1059 627 1104 allerley
639 1059 801 1102 boͤsartige
808 1060 929 1105 Zuſaͤtze
938 1066 989 1096 der
997 1063 1188 1105 Geſundheit
1200 1065 1291 1103 nach⸗

502 1109 645 1151 theiliges
657 1107 806 1149 Getraͤnke
824 1109 916 1152 dafuͤr
939 1112 970 1147 in
994 1113 1040 1149 die
1053 1110 1166 1156 Haͤnde
1184 1114 1287 1159 kriegt.

498 1158 592 1206 Zwey
617 1168 678 1196 von
699 1161 821 1205 unſeren
841 1162 1050 1207 Oeſterreicher
1074 1165 1202 1202 Weinen
1223 1164 1287 1212 ſind

499 1213 575 1256 dazu
596 1217 822 1258 anzuwenden,
842 1219 891 1253 der
910 1209 1200 1267 Biſamberger,
1223 1222 1286 1256 und

499 1267 927 1324 Gumpoldskirchner;
947 1274 987 1315 ſie
1007 1272 1118 1320 muͤſſen
1136 1273 1286 1322 faͤhrtige,

499 1322 559 1354 das
582 1321 629 1362 iſt,
648 1327 710 1357 von
729 1325 778 1356 der
795 1317 992 1366 vorjaͤhrigen
1006 1322 1068 1366 Leſe
1087 1324 1177 1372 ſeyn;
1204 1324 1287 1368 Jhre

496 1372 667 1415 Bereitung
690 1371 851 1416 geſchiehet
875 1383 924 1410 am
947 1376 1053 1417 beßten
1079 1386 1130 1412 um
1151 1381 1197 1413 die
1219 1378 1287 1420 Zeit

497 1427 546 1457 der
574 1420 990 1473 Fruͤhjahrs ⸗ Taggleiche,
1029 1429 1090 1463 und
1116 1435 1204 1464 wenn
1235 1433 1284 1464 der

496 1477 601 1513 Mond
630 1481 671 1513 im
695 1477 839 1517 Wachſen
866 1479 926 1523 iſt,
954 1486 1026 1515 vom
1052 1482 1141 1523 erſten
1167 1482 1284 1519 Viertel

497 1530 549 1563 bis
569 1538 635 1571 zum
655 1530 838 1572 Vollmond,
857 1530 887 1574 ſo
909 1528 1060 1573 laͤcherlich
1081 1535 1175 1574 dieſes
1194 1543 1283 1569 man⸗

497 1582 563 1620 chen
600 1585 673 1621 auch
702 1584 829 1623 ſcheinen
860 1583 977 1630 duͤrfte!
1014 1585 1102 1633 Drey
1126 1585 1282 1630 Loͤffelvoll

493 1632 737 1677 Kandelzucker,
765 1636 816 1669 der
835 1635 896 1676 fein
914 1630 1074 1681 gepuͤlvert
1092 1635 1151 1679 iſt,
1178 1639 1213 1681 iſt
1232 1643 1281 1676 der

495 1682 616 1727 Zuſatz,
646 1686 700 1720 den
721 1685 782 1728 jede
805 1684 1163 1732 Champagnerbouteille
1186 1691 1280 1732 erfor⸗
