2495 2988
615 586 693 632 und
719 580 817 642 ſeelig
842 581 1022 642 ſterbende
1043 583 1196 643 JEſus.

1454 589 1557 633 1063

375 678 528 730 Endlich
548 678 744 735 gleichwie
764 678 936 733 JEſus,
957 675 1129 732 nachdem
1143 691 1180 723 er
1207 679 1293 732 ſeine
1305 681 1425 726 Seele
1442 682 1563 734 befoh⸗

258 732 316 778 len
336 733 377 778 in
394 730 448 775 die
458 729 591 785 Haͤnde
612 730 723 785 ſeines
735 729 926 781 Vatters,
951 737 1027 782 ſein
1041 737 1190 784 Haupt
1209 747 1359 783 neigete
1378 744 1460 796 und
1480 751 1566 800 ver⸗

257 796 387 842 ſchied.
450 793 526 841 So
544 793 636 840 wird
651 790 719 851 ſich
741 797 780 837 es
798 792 887 848 auch
910 793 1070 838 alsdann
1096 800 1166 836 mit
1197 794 1303 846 dieſer
1333 799 1566 845 ſtreitenden

253 849 399 906 Kirche
421 848 617 907 allgemach
636 839 725 906 zum
739 849 859 898 Ende
880 852 1030 906 neigen.
1065 852 1219 905 JEſus,
1241 856 1302 894 der
1323 858 1477 906 Richter
1504 862 1564 894 der

252 904 475 959 Lebendigen
491 908 567 951 und
594 903 661 962 der
682 931 837 956 Todten,
860 904 954 950 wird
995 909 1157 951 alsdann
1176 917 1438 960 unvermuthet
1465 917 1564 965 kom⸗

253 979 338 1013 men
351 977 440 1022 zum
455 969 651 1023 Gericht;
673 970 753 1019 Die
763 968 916 1017 Todten
936 966 1137 1023 insgeſamt
1148 966 1385 1026 auferwecken
1403 977 1479 1012 und
1492 977 1563 1011 mit

254 1017 357 1074 ihren
368 1019 514 1068 Seelen
540 1021 670 1064 wieder
687 1019 926 1071 vereinigen;
956 1020 1037 1076 Die
1025 1026 1266 1071 Lebendigen
1286 1026 1371 1060 aber
1384 1030 1444 1079 als
1465 1032 1503 1078 in
1516 1034 1562 1080 ei⸗

253 1090 328 1124 nem
352 1074 443 1133 Huy
466 1077 723 1126 verwandeln,
744 1080 820 1123 und
839 1077 877 1122 in
896 1077 999 1122 einen
1020 1076 1154 1133 ſolchen
1173 1079 1316 1126 Stand
1334 1082 1470 1130 ſetzen,
1502 1091 1560 1141 als

254 1133 382 1181 waͤren
402 1134 446 1190 ſie
465 1133 650 1193 wuͤrcklich
668 1135 751 1182 todt
764 1131 951 1189 geweſen,
985 1135 1062 1178 und
1088 1135 1162 1190 alſo
1185 1139 1281 1186 ſeine
1302 1138 1446 1189 Kirche
1479 1157 1558 1191 und

254 1179 445 1225 Glaubige
465 1189 512 1226 zu
533 1182 604 1243 ſich
628 1184 795 1238 nehmen
814 1190 860 1240 in
875 1189 971 1247 ſeine
982 1190 1280 1250 Herrlichkeit,
1306 1200 1382 1246 und
1398 1201 1444 1257 ſie
1463 1203 1565 1252 allda

253 1250 361 1306 laſſen
382 1251 555 1310 genieſſen
576 1251 717 1308 Freude
735 1251 824 1308 nach
843 1255 922 1300 dem
934 1252 1049 1307 Leyd,
1074 1254 1187 1305 Ruhe
1208 1256 1298 1308 nach
1313 1257 1374 1295 der
1390 1258 1561 1304 Unruhe,

254 1310 331 1352 und
344 1297 525 1364 Uberfluß
543 1304 630 1363 nach
648 1308 728 1353 dem
746 1304 934 1361 Mangel,
954 1316 995 1358 zu
1017 1308 1126 1360 ſeiner
1142 1312 1309 1361 Rechten
1332 1313 1463 1349 immer
1483 1318 1562 1352 und

256 1367 430 1425 ewiglich.

724 1466 1098 1570 Zueignung.

253 1568 321 1682 J

325 1570 387 1627 Hr
404 1573 494 1624 ſehet
511 1581 588 1622 nun
607 1589 683 1619 von
701 1579 817 1627 ſelbſt,
833 1584 1018 1627 wertheſte
1044 1592 1226 1628 Freunde,
1241 1595 1306 1631 wie
1333 1587 1404 1636 wir
1421 1589 1556 1636 anjetzo

351 1640 422 1681 mit
441 1640 521 1682 dem
533 1634 690 1692 Schluß
710 1639 773 1682 der
784 1636 998 1690 Erklaͤrung
1017 1639 1094 1682 und
1118 1634 1292 1691 Anfang
1314 1634 1384 1680 der
1407 1623 1555 1692 Zueig⸗

252 1702 385 1748 nung,
401 1686 555 1753 Urſache
574 1703 650 1744 und
662 1700 903 1758 Gelegenheit
925 1691 1047 1757 haͤtten
1069 1700 1166 1759 nicht
1184 1712 1258 1747 nur
1281 1712 1322 1753 zu
1338 1695 1552 1754 widerlegen

252 1751 305 1798 die
317 1733 524 1806 Papiſten
543 1755 666 1803 wegen
689 1742 789 1801 ihres
803 1750 1073 1801 vorgegebenen
1096 1752 1369 1803 Fegefeuers,
1401 1756 1553 1800 ſondern

253 1812 344 1869 auch
366 1822 407 1864 zu
427 1809 543 1866 zeigen
564 1815 631 1858 den
650 1810 838 1868 Ungrund
864 1810 1099 1865 derjenigen,
1131 1813 1254 1868 welche
1271 1811 1381 1865 dafuͤr
1413 1813 1546 1865 halten,

253 1876 324 1929 daß
354 1868 582 1919 JESUS
601 1865 663 1920 in
684 1875 813 1926 ſeinem
848 1877 952 1921 Tode
983 1873 1166 1929 wuͤrcklich
1199 1874 1275 1918 und
1316 1871 1544 1932 wahrhafftig

252 1923 577 1986 hinabgeſtiegen
599 1928 661 1980 ſey
678 1936 747 1984 zur
762 1926 946 1985 Hoͤllen,
969 1930 1048 1974 dem
1070 1929 1158 1976 Ort
1177 1931 1238 1975 der
1264 1927 1554 1985 Verdammten,

251 1987 339 2040 doch
355 1983 410 2036 ihr
431 1984 520 2037 habt
547 1982 720 2040 vielleicht
750 1982 852 2040 ſchon
871 1987 943 2030 aus
962 1980 1074 2029 denen
1092 1982 1244 2038 vorigen
1258 1984 1465 2039 Predigten
1499 2003 1556 2036 ge⸗

253 2029 425 2074 mercket,
445 2030 514 2077 daß
542 2032 612 2069 wir
629 2038 705 2070 uns
724 2036 821 2078 nicht
839 2039 1023 2089 allzugern
1042 2041 1106 2093 bey
1124 2044 1451 2101 Streit ⸗ Fragen
1473 2054 1554 2101 und

247 2093 404 2143 bitteren
426 2096 628 2144 Diſputen
649 2097 882 2150 aufhalten,
908 2103 1062 2153 ſondern
1094 2103 1172 2159 viel
1197 2106 1308 2158 lieber
1327 2118 1378 2163 zu
1392 2110 1560 2163 erbauli⸗

251 2148 366 2218 chern
366 2142 565 2209 Sachen,
565 2144 662 2203 und
662 2145 917 2219 abſonderlich
917 2152 982 2217 zu
982 2154 1083 2215 dem
1083 2157 1268 2226 thaͤtigen
1268 2163 1554 2228 Chriſtenthum

251 2207 484 2266 uͤbergehen,
513 2212 650 2256 darum
668 2211 801 2257 wollen
830 2211 901 2256 wir
926 2215 1025 2257 dann
1046 2214 1136 2266 auch
1154 2223 1234 2256 nun
1256 2216 1342 2265 dieſe
1359 2218 1555 2265 Streitig⸗

252 2267 363 2313 keiten
384 2273 425 2316 zu
444 2263 555 2308 denen
567 2257 1048 2321 Catechiſmus⸗Predigten
1071 2273 1283 2317 verweiſen,
1303 2277 1379 2307 und
1401 2276 1463 2315 fuͤr
1482 2280 1552 2328 die⸗

252 2328 406 2389 ſeswahl
425 2341 498 2376 nur
518 2335 588 2377 aus
606 2330 694 2376 dem
705 2330 898 2388 Exempel
917 2329 988 2378 des
1003 2329 1224 2382 ſterbenden
1244 2329 1369 2385 JEſu
1381 2334 1433 2377 die
1456 2330 1559 2390 rech⸗

250 2391 289 2431 te
307 2382 385 2428 und
411 2375 549 2428 wahre
568 2374 888 2437 Sterbe⸗Kunſt
921 2388 1011 2435 oder
1052 2392 1244 2439 ἐυθανασίαν
1266 2383 1548 2448 herausziehen

250 2449 335 2487 und
350 2448 541 2490 erlernen,
558 2435 636 2474 und
649 2434 694 2474 da
713 2436 809 2486 ſonſt
828 2439 979 2485 hievon,
1006 2443 1083 2489 und
1106 2463 1202 2493 zwar
1227 2448 1296 2495 mit
1314 2444 1448 2496 Recht,
1460 2458 1549 2506 gan⸗

250 2510 294 2562 tze
310 2508 425 2569 groſſe
439 2502 591 2563 Buͤcher
612 2503 831 2565 geſchrieben
851 2505 943 2564 ſind,
960 2507 1105 2555 werden
1123 2506 1193 2553 wir
1211 2503 1248 2552 in
1265 2506 1346 2553 dem
1381 2503 1548 2571 Exempel

1426 2568 1553 2646 JEſu

1573 1530 1759 1577 Zueignung.

1648 1610 1685 1644 I.

1565 1639 1659 1688 Gehet
1672 1627 1801 1690 vorbey|

1565 1693 1612 1724 die
1624 1695 1770 1733 Widerle⸗

1563 1736 1643 1774 gung
1658 1736 1704 1771 der
1716 1736 1775 1774 Pa⸗

1566 1772 1663 1817 piſten,
1673 1778 1732 1812 und
1749 1776 1793 1817 de⸗

1566 1818 1621 1851 rer,
1637 1818 1680 1849 die
1697 1820 1739 1850 die
1756 1826 1795 1852 ei⸗

1565 1868 1696 1906 gentliche
1707 1865 1779 1904 Hoͤl⸗

1563 1895 1690 1941 lenfahrt
1702 1901 1796 1951 JEſu

1563 1941 1697 1986 glauben.

1648 2288 1688 2338 II.

1559 2328 1670 2383 Stellet
1689 2340 1747 2371 aus

1560 2377 1620 2417 und
1624 2379 1697 2422 nach
1717 2385 1791 2423 dem

1561 2428 1689 2458 Exempel
1713 2434 1769 2461 des

1561 2461 1725 2506 ſterbenden

1567 2501 1646 2555 JEſu
1660 2512 1703 2545 die
1719 2510 1793 2551 rech⸗

1559 2556 1597 2588 te
1597 2550 1742 2592 Sterbe⸗

1559 2593 1655 2646 Kunſt
1676 2599 1739 2642 vor.
