1646 2379
590 349 660 394 160

870 348 968 404 Von
983 349 1227 411 Teutſchland.

645 459 674 483 3.
690 437 871 485 Helmſtaͤdt
886 441 1127 479 (Helmſtadium)
1144 443 1279 477 drunter,
1291 442 1350 475 eine
1366 433 1517 482 beruͤhmte

684 483 894 523 Univerſitaͤt,
899 485 948 525 die
963 490 1023 519 von
1039 484 1131 526 ihrem
1140 485 1269 528 Stiffter
1282 489 1355 528 Julia
1371 487 1512 528 genennet

688 537 774 571 wird.

625 569 658 586 4.
673 569 801 582 Goslar
815 564 1000 591 (Goslaria)
1023 561 1105 594 beſſer
1125 564 1216 590 unten
1234 567 1281 595 zur
1310 548 1435 594 lincken,
1452 559 1513 593 eine

685 604 762 647 freye
779 604 1063 650 Reichs ⸗ Stadt,
1084 610 1185 649 wobey
1208 611 1400 654 vortreffliche
1415 614 1513 651 Berg⸗

684 653 799 690 wercke.

626 692 652 718 5.
660 686 903 716 Gandersheim
918 685 1180 725 (Gandershemium)
1226 684 1303 728 nicht
1318 689 1387 724 weit
1396 686 1518 734 davon,

684 732 729 765 ein
739 728 853 772 Stifft,
861 731 954 772 deſſen
975 733 1116 776 Aebtiſſin
1132 738 1179 773 ein
1200 736 1407 779 Reichsſtand.

625 779 655 805 6.
668 779 809 802 Luttern
839 777 961 808 (Lutra)
1017 776 1099 813 beſſer
1118 779 1167 811 zur
1185 778 1313 817 lincken,
1340 778 1385 811 ein
1401 776 1512 814 mittel⸗

686 820 818 862 maͤſſiger
839 822 928 861 Ort,
948 822 998 859 der
1022 823 1108 866 durch
1125 827 1170 860 ein
1191 830 1274 861 1616.
1287 828 1395 869 darbey
1409 834 1513 868 vorge⸗

691 868 839 908 gangenes
848 868 965 911 Treffen
983 862 1105 915 beruͤhmt
1124 864 1245 910 worden.

616 920 651 952 7.
663 914 963 955 Koͤnigs⸗Luttern
988 915 1107 951 (Lutra
1123 916 1237 957 Regia)
1252 914 1303 958 bey
1325 913 1511 960 Helmſtaͤdt:

694 956 776 991 alwo
792 959 854 992 eine
875 957 960 997 reiche
976 958 1181 1004 Evangeliſche
1195 962 1291 1003 Abtey
1309 961 1362 1003 iſt,
1381 967 1441 1002 und
1454 960 1510 1002 das

698 1001 868 1045 beruͤhmte,
870 1005 1051 1048 Tuchſteiner
1068 1009 1143 1046 Bier
1152 1009 1273 1052 gebraut
1283 1010 1359 1047 wird

622 1055 654 1083 6.
673 1055 748 1087 Das
776 1049 983 1094 Fuͤrſtenthum
1022 1052 1281 1094 Blanckenburg
1286 1049 1515 1100 (Principatus

681 1103 959 1132 Blanckenburgicus)
987 1102 1078 1131 neben
1100 1099 1337 1139 Wernigerode,
1358 1090 1439 1138 hatte
1457 1098 1510 1141 ſei⸗

679 1146 730 1168 nen
743 1142 860 1183 eigenen
869 1138 983 1176 Herrn,
991 1143 1052 1171 und
1067 1142 1184 1180 gehoͤret
1194 1144 1257 1181 jetzo
1276 1141 1345 1181 nach
1361 1139 1507 1187 Wolffen⸗

681 1184 789 1210 buͤttel.
830 1183 893 1213 Die
920 1182 1102 1223 Hauptſtadt
1119 1185 1256 1226 gleiches
1258 1183 1393 1215 Namens
1417 1174 1507 1220 lieget

681 1231 722 1252 an
745 1228 801 1255 den
823 1224 1105 1264 Halberſtaͤdtiſchen
1126 1226 1279 1266 Grentzen,
1303 1224 1364 1261 und
1380 1226 1411 1269 iſt
1430 1221 1507 1267 nicht

680 1268 750 1296 weit
788 1267 889 1296 davon
917 1267 964 1297 die
984 1266 1135 1304 beruͤhmte
1166 1267 1506 1307 Baumanns ⸗ Hoͤle

683 1310 836 1351 (Spelunca
845 1308 1097 1352 Baumanniana).

625 1372 656 1413 §.
688 1371 745 1415 56.
775 1368 868 1414 Das
906 1370 1055 1428 Biſtum
1085 1370 1426 1422 Hildesheim
1342 1370 1406 1422 hat
1449 1375 1506 1425 ſei⸗

585 1427 652 1460 nen
665 1417 850 1469 Biſchoff,
875 1422 932 1462 der
948 1425 1016 1470 jetzt
1040 1423 1182 1470 zugleich
1223 1420 1409 1474 Churfuͤrſt
1437 1435 1505 1470 von

576 1469 684 1522 Coͤlln
689 1466 770 1526 iſt.
797 1472 875 1518 Die
904 1466 1123 1526 Hauptſtadt
1153 1477 1297 1524 gleiches
1334 1482 1504 1522 Namens

571 1522 778 1575 (Hildeſia)
805 1523 844 1572 iſt
878 1529 977 1570 unter
1010 1518 1307 1580 Hannoͤveriſcher
1353 1531 1503 1588 Schutz⸗

572 1580 842 1631 Gerechtigkeit.

621 1633 652 1668 §.
671 1636 728 1674 57.
762 1629 824 1679 Jn
839 1630 920 1670 dem
948 1623 1191 1682 Fuͤrſtenthum
1216 1625 1502 1684 Halberſtadt,

569 1680 606 1732 ſo
623 1690 688 1724 vor
714 1682 835 1732 dieſem
861 1687 912 1728 ein
945 1684 1091 1736 Biſtum
1120 1688 1297 1737 geweſen,
1324 1700 1394 1733 nun
1418 1692 1501 1733 aber

571 1735 819 1786 ſaͤculariſiret,
864 1735 923 1789 der
920 1739 1185 1791 Evangeliſchen
1206 1744 1370 1791 Religion
1405 1751 1499 1792 zuge⸗

568 1787 656 1833 than
670 1787 730 1835 iſt,
755 1784 825 1830 und
852 1791 929 1833 dem
963 1788 1195 1844 Churfuͤrſten
1210 1803 1279 1837 von
1306 1794 1497 1841 Branden⸗

567 1841 654 1889 burg
679 1841 840 1892 gehoͤret,
852 1843 922 1892 ſind
933 1855 970 1894 zu
981 1845 1139 1890 mercken.

609 1915 639 1927 1.
663 1906 870 1936 Halberſtadt
891 1907 1144 1943 Halberſtadium)
1169 1901 1216 1940 die
1236 1894 1448 1950 Hauptſtadt,
1469 1896 1499 1940 ſo

1432 1950 1494 1985 eine
