2448 3072
464 642 548 678 von
548 642 630 678 der
630 642 936 678 Gemeinſchaft
936 642 1018 678 mit
1018 642 1210 678 fremden
1210 642 1423 678 Suͤnden.

1517 646 1626 689 1301

235 729 397 780 Wercke
412 727 482 780 der
498 729 727 780 Finſterniß;
752 722 891 779 ſchaffe
921 722 1034 779 aber,
1058 732 1138 779 daß
1158 732 1214 778 du
1236 729 1328 778 ſelig
1356 731 1517 779 werdeſt
1534 733 1620 778 mit

234 782 388 838 Furcht
415 785 489 831 und
496 783 677 839 Zittern,
692 777 785 835 Phil.
794 789 838 837 11,
857 793 912 828 12.
972 788 1031 838 Zu
1050 787 1199 838 ſolchem
1209 776 1315 834 Ende
1332 787 1437 835 fliehe
1457 789 1525 832 alle
1539 788 1621 834 boͤſe

234 846 473 900 Geſellſchaft
493 849 586 898 derer
600 839 815 900 aͤrgerlichen
849 837 1025 899 Menſchen,
1039 849 1098 898 daß
1113 853 1164 894 du
1175 847 1270 898 nicht
1279 845 1323 896 in
1334 848 1427 895 dem
1439 847 1621 898 Unflath

231 906 302 957 der
322 910 441 957 Welt
460 905 543 954 mit
525 896 847 959 eingeflochten
874 907 961 955 und
986 907 1130 958 damit
1144 906 1423 958 uͤberwunden
1441 907 1621 958 werdeſt,

232 982 263 1009 2.
275 970 373 1010 Petr.
382 958 495 1016 11,10.
553 967 657 1015 Wer
665 964 778 1017 unter
788 972 871 1012 dem
881 966 1097 1015 Levitiſchen
1107 967 1237 1015 Geſetz,
1257 970 1357 1013 einen
1368 967 1545 1012 unreinen
1557 978 1622 1011 an⸗

233 1015 393 1075 ruͤhrete,
402 1008 495 1067 oder
515 1028 572 1064 nur
594 1012 632 1074 zu
649 1016 742 1074 nahe
756 1021 845 1073 kam,
862 1023 923 1063 der
935 1025 1042 1065 ward
1053 1021 1142 1073 auch
1162 1023 1316 1067 unrein:
1345 1025 1420 1069 und
1441 1022 1623 1073 ingemein

231 1084 325 1130 wird
335 1081 395 1122 der
407 1078 496 1130 auch
504 1070 675 1131 beflecket,
684 1071 736 1130 der
746 1083 815 1125 mit
826 1075 998 1130 unreinen
1009 1074 1189 1129 Suͤndern
1211 1083 1375 1129 allzuviel
1385 1084 1624 1124 Connexion

230 1133 308 1187 und
318 1124 569 1190 Verkehrung
583 1140 662 1190 hat,
672 1145 759 1185 oder
770 1130 931 1189 ihnen
894 1138 934 1189 zu
944 1139 1039 1189 nahe
1057 1142 1229 1189 kommet.
1287 1142 1383 1188 Eine
1393 1138 1520 1188 Kohle
1540 1136 1624 1188 zuͤn⸗

233 1205 293 1237 det
305 1194 356 1239 die
367 1185 485 1249 andre
495 1202 559 1245 an,
573 1200 637 1241 und
641 1195 755 1246 ſelbſt
768 1190 863 1246 wohl
879 1191 970 1240 das
983 1187 1118 1239 gruͤne
1130 1175 1241 1240 Holtz
1259 1195 1348 1237 muß
1369 1192 1506 1239 endlich
1519 1193 1625 1230 bren⸗

235 1263 322 1305 nen,
337 1252 449 1296 wenn
472 1258 514 1298 es
535 1256 642 1299 unter
659 1243 896 1300 brennenden
913 1247 1088 1303 trockenen
1115 1255 1236 1310 Holtze
1258 1256 1385 1306 lieget:
1410 1260 1481 1300 wie
1501 1247 1627 1310 ſollten

233 1309 334 1365 nicht
347 1306 405 1358 die
423 1303 620 1364 ſuͤndlichen
631 1301 734 1367 Luͤſte
749 1311 827 1356 und
846 1299 1059 1367 Begierden
1076 1311 1166 1363 auch
1178 1314 1216 1354 in
1234 1315 1349 1354 denen
1367 1310 1626 1366 unſchuldigen

231 1364 315 1421 und
336 1369 538 1422 frommen
559 1357 693 1421 Seelen
708 1362 926 1421 entzuͤndet,
954 1373 1033 1413 und
1042 1367 1104 1420 ein
1117 1366 1370 1420 gefaͤhrlicher
1388 1369 1531 1419 Brand
1558 1378 1626 1416 der

234 1420 380 1482 Seelen
396 1428 433 1481 in
467 1418 574 1481 ihnen
583 1421 760 1483 erwecket
773 1423 935 1482 werden,
953 1439 1064 1476 wenn
1079 1422 1124 1481 ſie
1140 1423 1271 1476 mitten
1289 1436 1399 1476 unter
1418 1436 1534 1482 denen
1554 1430 1622 1481 ſich

232 1480 412 1542 befinden,
422 1482 484 1539 bis
493 1474 570 1534 von
580 1479 702 1541 Zorn,
722 1476 813 1541 Haß,
833 1479 956 1540 Rache,
976 1493 1062 1537 oder
1072 1487 1238 1540 Unzucht
1257 1497 1334 1538 und
1346 1490 1523 1538 Geilheit,
1542 1493 1622 1535 und

232 1540 382 1596 andern
394 1546 568 1601 ſchnoͤden
589 1538 753 1601 Affeƈten
769 1552 941 1598 brennen.
997 1538 1060 1598 Es
1071 1543 1134 1601 ſey
1144 1552 1204 1600 ein
1214 1542 1336 1601 Eiſen
1350 1549 1437 1601 noch
1448 1551 1484 1601 ſo
1496 1552 1622 1599 blanck

210 1595 399 1661 polieret,
417 1606 590 1660 dennoch,
603 1608 649 1661 ſo
671 1609 708 1650 es
728 1619 770 1659 an
775 1603 907 1659 einem
914 1603 1089 1659 feuchten
1108 1603 1190 1657 Orte
1209 1610 1297 1657 lang
1318 1609 1445 1657 lieget,
1461 1613 1557 1655 wird
1576 1616 1620 1655 es

228 1660 321 1716 vom
340 1659 433 1716 Roſt
452 1664 682 1716 angegriffen
704 1657 771 1716 und
775 1656 1041 1716 unſcheinbar:
1058 1663 1148 1717 und
1162 1671 1235 1714 das
1246 1666 1434 1716 Gewiſſen
1444 1657 1510 1716 ſey
1527 1667 1619 1716 noch

227 1717 267 1773 ſo
287 1719 342 1773 gut
362 1715 586 1773 gereiniget,
607 1716 682 1772 doch
697 1711 902 1772 bekommet
917 1711 952 1767 es
952 1709 1052 1771 ſeine
1059 1718 1156 1771 Fehl
1164 1719 1241 1765 und
1251 1710 1420 1771 Flecken,
1437 1734 1497 1766 wo
1519 1727 1561 1770 es
1572 1724 1621 1765 in

229 1768 496 1830 verfuͤhriſchen
516 1775 767 1829 anſteckenden
791 1768 906 1829 Orten
923 1764 991 1828 und
990 1773 1298 1837 Geſellſchaften
1308 1768 1380 1827 ſich
1396 1771 1485 1826 lang
1504 1770 1618 1826 befin⸗

230 1844 304 1885 det.
362 1831 501 1890 Drum
500 1828 684 1890 weichet,
700 1833 875 1891 weichet,
885 1829 1011 1889 ziehet
1034 1831 1107 1889 aus
1130 1830 1201 1889 von
1215 1832 1399 1888 dannen,
1417 1835 1505 1888 und
1520 1838 1618 1888 ruͤh⸗

231 1902 295 1946 ret
311 1893 397 1944 kein
417 1892 617 1950 unreines
633 1904 707 1946 an,
726 1895 840 1951 gehet
857 1888 923 1944 aus
944 1895 1011 1944 von
1045 1894 1127 1951 ihr,
1145 1893 1320 1953 reiniget
1338 1896 1449 1952 euch,
1465 1897 1529 1948 die
1550 1898 1619 1948 ihr

230 1957 307 2004 des
316 1955 480 2007 HErrn
492 1948 681 2009 Geraͤthe
693 1954 845 2010 traget,
852 1942 929 2010 Jeſ.
941 1954 1020 2006 LII,
1031 1968 1078 2008 11.
1138 1955 1332 2005 Daneben
1347 1960 1388 2013 iſt
1397 1945 1619 2013 Fuͤrſichtig⸗

229 2014 301 2059 keit
317 2008 545 2064 vonnoͤthen,
562 2010 636 2065 daß
648 2008 737 2057 man
745 2008 816 2064 wie
833 2020 890 2058 alle
897 1999 997 2066 ſeine
1027 2009 1123 2067 Wege
1141 2009 1204 2066 fuͤr
1222 2017 1283 2063 der
1295 2012 1536 2070 Geſellſchaft
1553 2018 1621 2058 der

230 2069 385 2118 Boͤſen,
404 2067 438 2124 ſo
459 2062 533 2125 ſein
551 2063 744 2124 Gewiſſen
760 2059 833 2127 fuͤr
839 2065 1061 2129 Befleckung
1087 2067 1165 2127 und
1180 2066 1521 2122 Verunreinigung
1540 2078 1620 2115 ver⸗

232 2116 370 2186 wahre,
382 2133 460 2175 und
471 2131 540 2177 mit
579 2113 696 2182 David
726 2112 832 2184 ſagen
851 2122 1007 2179 koͤnne:
1018 2119 1107 2184 Jch
1122 2124 1255 2184 trage:
1255 2128 1383 2184 meine
1409 2128 1524 2178 Seele
1536 2130 1619 2177 im⸗

231 2199 324 2236 mer
335 2187 380 2238 in
400 2187 563 2239 meinen
574 2186 775 2244 Haͤnden,
786 2190 879 2239 und
894 2189 950 2243 ich
956 2189 1132 2245 vergeſſe
1150 2192 1293 2241 deines
1304 2192 1480 2247 Geſetzes
1490 2191 1619 2248 nicht,

228 2254 286 2296 Pſ.
295 2255 431 2298 CXIX,
441 2261 532 2298 109.
588 2250 693 2299 Auch
709 2252 810 2299 laſſet
822 2254 901 2297 uns
911 2247 1052 2300 taͤglich,
1063 2246 1099 2300 ſo
1110 2252 1211 2300 wohl
1220 2255 1353 2301 unſern
1366 2251 1548 2299 Glauben
1566 2265 1621 2296 er⸗

227 2303 404 2359 forſchen,
422 2307 469 2353 ob
487 2316 525 2359 er
542 2300 787 2360 unverfaͤlſcht
802 2310 880 2351 und
889 2293 1030 2360 lauter,
1040 2306 1130 2356 auch
1142 2307 1307 2360 lebendig
1317 2311 1393 2349 und
1405 2301 1528 2360 thaͤtig
1539 2306 1618 2360 ſey:

232 2368 296 2411 als
312 2368 402 2416 auch
413 2368 545 2417 unſern
556 2368 727 2418 Wandel
737 2366 985 2420 unterſuchen,
996 2369 1042 2412 ob
1054 2381 1092 2415 er
1104 2369 1193 2421 noch
1202 2370 1275 2421 auf
1287 2372 1413 2414 ebener
1424 2372 1547 2424 Bahn
1559 2381 1618 2424 ge⸗

228 2422 355 2479 fuͤhret
365 2430 497 2479 werde,
515 2434 594 2473 und
612 2426 709 2480 nicht
728 2424 904 2481 abweiche
924 2424 997 2482 auf
1010 2432 1079 2478 den
1089 2429 1193 2482 Weg
1205 2435 1265 2475 der
1275 2424 1461 2483 Suͤnder;
1490 2429 1528 2481 ja
1546 2430 1618 2476 wir

227 2495 378 2533 werden
386 2488 515 2536 GOtt
524 2501 590 2533 um
600 2490 694 2535 ſeine
704 2488 870 2537 Aufſicht
878 2494 956 2537 und
966 2488 1188 2538 Regierung
1198 2488 1376 2540 anflehen,
1393 2493 1471 2535 und
1491 2492 1620 2540 beten:

226 2544 444 2597 Erforſche
475 2538 574 2597 mich
570 2549 705 2598 GOtt
721 2550 812 2598 und
827 2548 988 2599 erfahre
997 2549 1112 2599 mein
1123 2553 1250 2600 Hertz,
1260 2544 1382 2601 pruͤfe
1400 2549 1510 2601 mich
1527 2552 1617 2603 und

816 2613 937 2669 Bbb
937 2613 1066 2669 bbb
1066 2613 1146 2669 bb
1146 2613 1184 2669 3

1432 2614 1625 2681 erfahre,
