1479 2208
571 378 634 422 32

582 467 632 494 Als
650 466 728 497 dieſes
745 465 887 504 geſchehen
911 477 978 500 war,
1007 468 1066 497 eilte
1089 477 1118 494 er
1139 478 1173 497 an
1194 469 1254 498 ihre

582 513 671 548 Spitze
689 522 784 544 voran,
802 512 856 541 hob
875 517 925 544 ſein
944 518 1036 553 Haupt
1052 516 1079 543 in
1098 515 1139 543 die
1156 517 1252 548 Höhe,

581 566 639 592 und
653 562 745 601 ſprach
764 564 886 600 folgende
903 568 991 597 Worte
1009 573 1072 594 aus:

631 666 740 700 „Welch
758 666 921 701 Geſchlecht,
939 677 956 697 o
970 669 1049 700 Herr,
1066 667 1191 696 übertrift
1204 668 1250 697 das

578 711 695 743 meinige
707 713 740 749 an
760 711 869 745 Geduld
883 719 940 745 und
953 718 1160 749 Friedlichkeit!
1195 719 1251 748 Wir

572 766 655 793 leben
672 761 720 787 mit
736 763 803 787 allen
820 763 933 789 Thieren
950 760 980 789 in
982 760 1082 793 Ruhe,
1098 762 1249 798 beleidigen

574 810 677 843 heines,
693 815 814 844 ertragen
834 808 893 838 eher
910 808 1114 847 Beleidigungen
1132 819 1184 846 von
1202 819 1249 849 an-

573 859 642 899 dern
659 858 786 896 gedultig,
805 862 862 888 und
880 861 936 889 ſind
952 861 1096 893 zufrieden,
1113 863 1197 891 wenn
1197 863 1250 892 wir

575 914 627 946 uns
643 914 698 943 nur
712 905 763 942 mit
779 905 843 941 Klee
862 904 959 944 nähren
978 898 1083 947 dürfen,
1100 905 1152 945 den
1164 906 1201 944 du
1212 914 1249 945 zu

572 961 680 1001 unſerer
701 961 836 997 Nahrung
855 961 992 993 beſtimmt.
1040 962 1114 992 Aber
1134 958 1188 1002 wie
1202 972 1249 994 we-

574 1012 623 1045 nig
639 1002 741 1048 richten
756 1011 807 1036 wir
822 1012 872 1038 mit
878 1012 993 1038 unſerer
1000 1011 1114 1039 Geduld
1127 1016 1183 1044 und
1194 1018 1248 1041 un-

570 1062 638 1089 ſerer
650 1059 839 1088 Friedlichkeit
853 1052 908 1088 bey
927 1048 983 1090 dem
988 1054 1098 1089 harten
1098 1060 1251 1092 Menſchen

571 1111 645 1138 aus?
669 1109 718 1136 Ihn
741 1094 845 1136 bewegt
868 1102 905 1129 ſie
926 1104 988 1130 zum
989 1101 1159 1133 Erbarmen,
1186 1119 1247 1140 zum

571 1155 675 1183 Mitleid
686 1153 774 1182 nicht.
817 1155 875 1183 Wie
895 1157 953 1191 gut
953 1157 1072 1192 meynen
1091 1156 1139 1183 wir
1147 1161 1178 1194 es
1200 1157 1247 1184 mit

571 1207 631 1234 dem
647 1205 801 1236 Menſchen!
820 1205 941 1236 Ueberall
959 1207 1049 1245 folgen
1067 1207 1115 1235 wir
1129 1207 1183 1236 ihm
1195 1215 1246 1244 ge-

572 1255 657 1291 dultig
673 1254 757 1288 nach,
786 1256 876 1286 wohin
900 1267 928 1286 er
945 1268 996 1286 uns
1014 1258 1106 1290 führt;
1136 1259 1184 1287 wir
1201 1266 1247 1295 ge-

570 1303 672 1337 nieſsen
687 1302 763 1331 ſelbſt
776 1302 851 1331 dann
865 1301 940 1332 nicht
957 1298 1037 1343 mehr,
1050 1299 1127 1343 wenn
1143 1301 1172 1343 er
1183 1305 1246 1340 will,

572 1352 628 1389 daſs
646 1351 693 1379 wir
708 1350 784 1378 nicht
804 1350 878 1378 mehr
896 1352 1026 1389 genieſsen
1038 1353 1132 1386 ſollen,
1149 1351 1186 1381 ob
1200 1355 1249 1385 wir

569 1403 610 1432 oft
627 1402 713 1439 gleich
732 1403 801 1432 noch
820 1402 893 1432 nicht
906 1403 1025 1442 geſättigt
1038 1404 1101 1433 ſind.
1137 1407 1195 1436 Wir
1205 1415 1248 1437 er-

569 1452 675 1490 kennen
699 1452 744 1480 ihn
762 1452 807 1479 für
829 1453 924 1483 unſern
944 1456 1045 1487 Herrn;
1068 1454 1127 1488 ſind
1144 1456 1244 1493 zufrie-

569 1502 621 1538 den
635 1508 682 1538 mit
693 1502 766 1530 dem,
783 1509 837 1539 was
854 1511 882 1538 er
894 1503 941 1541 mit
952 1511 1005 1541 uns
1021 1499 1179 1537 vornimmt;
1196 1505 1248 1542 laſ-

567 1552 613 1589 ſen
631 1560 684 1585 uns
697 1551 816 1588 gedultig
834 1562 887 1588 von
898 1560 948 1588 ihm
964 1552 1120 1593 einſperren,
1140 1552 1246 1594 ſchmie-

568 1610 622 1637 gen
635 1611 686 1630 uns
697 1605 860 1637 aneinander,
880 1607 936 1633 und
947 1602 1099 1641 beleidigen
1111 1604 1157 1635 ihn
1169 1606 1246 1637 ſelbſt

569 1662 615 1690 mit
640 1652 741 1684 unſerm
765 1655 910 1693 Geſchreye
932 1654 1014 1686 nicht.
1054 1658 1112 1686 Wir
1133 1662 1244 1688 murren

1158 1704 1245 1747 nicht,
