2774 3078
519 502 657 566 Vom
657 505 891 573 Evangelio
891 512 993 577 und
993 516 1123 582 deſſen
1123 521 1437 592 Oeconomien.

1580 545 1701 595 1257

255 586 309 626 die
340 581 474 636 groͤßten
498 585 654 636 Strafen
679 575 909 628 decerniret.
920 587 991 635 Jm
1015 588 1223 635 Evangelio
1239 597 1320 627 aber
1336 601 1420 633 ſucht
1442 611 1475 625 er
1491 609 1699 637 inſonderheit

258 642 336 687 ſeine
358 642 483 686 Gnade
500 642 564 683 und
582 641 672 685 Liebe
685 643 746 686 den
762 639 933 689 Suͤndern
953 646 1067 683 bekant
1083 653 1118 689 zu
1135 649 1287 691 machen,
1318 657 1384 682 und
1409 657 1550 688 dadurch
1566 669 1616 683 ein
1635 677 1699 696 gu⸗

257 701 307 735 tes
330 696 530 738 Vertrauen
552 702 652 744 gegen
674 693 735 746 ſich
756 704 792 745 zu
820 697 988 737 erwecken.
1061 700 1191 745 Daher
1218 703 1320 743 heiſſet
1340 711 1379 736 es
1405 707 1511 745 Apoſt.
1517 719 1615 778 20,
1634 744 1697 780 24.

254 742 319 784 das
336 738 581 791 Evangelium
601 753 673 782 von
691 744 754 782 der
770 744 910 785 Gnade
923 747 1097 785 GOttes.

325 803 441 853 Einige
461 802 569 855 ſuchen
591 804 691 855 dieſen
708 805 909 857 Unterſchied
926 812 1011 842 inter
1030 811 1137 854 legem
1150 815 1184 842 &
1198 815 1409 852 euangelium
1435 818 1518 853 auch
1533 820 1697 854 folgender

254 854 389 905 Geſtalt
405 865 440 905 zu
461 854 569 906 faſſen,
592 860 658 896 und
673 862 780 904 ſagen,
794 868 830 895 es
850 864 897 904 ſey
919 864 969 896 ein
983 863 1182 907 Unterſcheid

351 910 412 956 (1)
438 913 572 946 Ratione
583 916 817 958 patefactionis
840 927 872 946 et
891 922 1100 959 cognitionis,
1129 922 1174 952 da
1189 921 1253 951 das
1270 920 1393 960 Geſetz
1409 926 1473 952 von
1487 924 1621 953 Natur
1637 928 1697 950 be⸗

256 947 353 1001 kant,
366 955 431 994 das
444 955 695 1002 Evangelium
711 964 790 993 aber
803 972 895 1003 gantz
909 969 1092 993 unbekant
1108 974 1174 1002 ſey,
1198 975 1298 1000 daher
1311 982 1349 993 es
1367 973 1474 995 Rom.
1497 987 1554 999 16,
1571 988 1630 999 25.
1646 984 1680 993 ein

257 1007 478 1058 Geheimniß
490 1016 644 1056 genennet
661 1018 758 1050 wird.

359 1062 420 1110 (2)
445 1066 587 1101 Ratione
613 1071 810 1111 argumenti,
839 1068 887 1107 da
905 1070 973 1107 das
996 1071 1124 1113 Geſetz
1145 1076 1256 1101 noſtra
1279 1080 1401 1111 offcia,
1430 1084 1496 1105 das
1522 1085 1697 1118 Evange⸗

259 1097 348 1138 lium
368 1109 447 1143 aber
478 1109 589 1138 diuina
612 1115 759 1147 beneficia
783 1127 987 1149 proponiret.

359 1166 422 1212 (3)
455 1170 590 1203 Ratione
610 1171 857 1215 promiſſionum,
880 1174 924 1209 da
941 1178 992 1208 die
1007 1179 1233 1217 promiſſiones
1250 1186 1415 1215 euangelii
1444 1193 1602 1215 gratuitae
1617 1192 1698 1220 ſind,

257 1204 306 1244 die
313 1210 538 1254 promiſſiones
545 1213 663 1256 legales
672 1220 749 1250 aber
760 1222 808 1249 die
815 1229 1043 1268 conditionem
1050 1233 1214 1283 perfectae
1222 1235 1422 1283 obedientiae
1425 1246 1495 1287 mit
1504 1243 1599 1301 ſich
1570 1261 1685 1293 fuͤhren.

353 1271 428 1324 (4)
428 1271 575 1315 Ratione
589 1277 821 1320 operationum,
847 1275 955 1315 indem
971 1279 1035 1315 das
1052 1281 1159 1323 Geſetz
1176 1279 1308 1318 Suͤnde
1317 1291 1383 1314 und
1399 1291 1488 1323 Zorn
1505 1296 1698 1322 offenbaret,

224 1309 318 1352 den
331 1307 478 1357 Suͤnder
496 1314 658 1360 anklaget,
674 1321 819 1360 ſchrecket
833 1331 899 1353 und
918 1334 1134 1378 verdammet,
1149 1341 1214 1386 das
1225 1337 1445 1387 Evangelium
1461 1349 1616 1400 hingegen
1630 1357 1701 1397 troͤ⸗

258 1363 330 1416 ſtet,
339 1365 512 1416 aufrichtet
532 1369 598 1406 und
622 1373 810 1408 abſoluiret.

356 1423 417 1465 (5)
443 1424 575 1457 Ratione
599 1426 836 1470 applicationis,
867 1426 913 1464 da
930 1430 997 1465 das
1012 1418 1198 1473 Geſetz
1135 1432 1211 1479 fuͤr
1215 1440 1328 1473 harte,
1352 1442 1587 1472 hochmuͤthige,
1602 1451 1701 1474 ſtoltze

259 1455 355 1499 Leute
375 1456 513 1507 gehoͤret,
541 1463 590 1499 die
604 1468 665 1507 ſich
687 1474 764 1507 noch
780 1478 1020 1507 entſchuldigen,
1042 1492 1127 1540 weiß
1141 1499 1283 1549 brennen
1299 1509 1363 1546 und
1382 1507 1597 1556 rechtfertigen
1611 1515 1702 1558 wol⸗

262 1513 332 1559 len;
358 1512 422 1554 das
442 1512 662 1563 Evangelium
682 1525 760 1557 aber
784 1527 839 1564 fuͤr
854 1531 972 1583 muͤde,
1001 1539 1148 1584 betruͤbte
1161 1547 1239 1594 und|
1250 1551 1389 1602 geiſtlich
1410 1555 1527 1612 Arme.
1556 1560 1621 1605 Eſa.
1636 1563 1702 1614 61,

263 1569 311 1597 1⸗
333 1570 400 1605 3.

360 1610 423 1656 (6)
445 1613 582 1647 Ratione
591 1609 911 1655 durationis,
805 1613 841 1662 da
855 1609 913 1662 das
917 1626 1025 1677 Geſetz
1037 1631 1096 1682 bey
1102 1635 1164 1688 den
1173 1632 1372 1691 Glaͤubigen
1381 1664 1503 1693 ceſſiret
1506 1667 1617 1700 quoad
1624 1675 1708 1711 coa-

260 1654 406 1691 ctionem
422 1662 455 1690 et
472 1657 748 1725 maledictionem,
779 1705 785 1726 I
800 1674 900 1733 Tim.
922 1708 952 1737 I,
970 1708 1007 1740 9.
1058 1696 1153 1742 Das
1178 1695 1430 1747 Evangelium
1448 1700 1603 1746 hingegen
1624 1707 1700 1740 blei⸗

261 1711 313 1756 bet
330 1713 362 1757 in
378 1713 545 1767 Ewigkeit.
622 1711 697 1760 Und
712 1719 742 1767 ſo
761 1722 825 1759 kan
839 1729 894 1758 der
910 1729 1110 1767 Unterſcheid
1129 1743 1275 1795 zwiſchen
1290 1750 1362 1790 dem
1380 1753 1487 1810 Geſetz
1498 1771 1559 1817 und
1582 1773 1699 1821 Evan⸗

258 1770 340 1821 gelio
358 1776 466 1816 etwas
481 1769 685 1825 ordentlicher
699 1778 766 1816 und
781 1780 1008 1827 vollſtaͤndiger
1022 1792 1153 1824 gefaſſet
1170 1800 1299 1849 werden.

337 1846 428 1887 VIII.
449 1844 698 1883 HARMONIA
724 1857 814 1895 CVM
837 1878 946 1912 LEGE
965 1882 1130 1922 SVMMA.
1206 1881 1331 1934 Geſetz
1352 1882 1420 1926 und
1450 1880 1703 1932 Evangelium

258 1891 326 1943 ſind
346 1897 465 1944 zwar,
478 1892 541 1935 wie
563 1895 628 1935 wir
643 1896 733 1944 ſchon
748 1898 877 1949 gehoͤret
903 1911 1002 1949 haben,
1027 1920 1091 1961 von
1106 1920 1260 1967 einander
1280 1930 1523 1981 unterſchieden,
1546 1945 1625 1981 aber
1641 1949 1704 1987 kei⸗

257 1953 425 2003 nesweges
446 1949 597 1993 einander
620 1958 781 1992 contrair;
812 1960 945 2008 ſondern
966 1970 1044 2010 weil
1059 1970 1176 2015 beydes
1194 1979 1228 2022 zu
1250 1993 1362 2026 einem
1387 1991 1511 2034 Zweck
1529 1997 1709 2034 miteinan⸗

254 1999 316 2042 der
334 2005 478 2043 abzielet,
507 2009 542 2051 ſo
551 2010 605 2055 iſt
610 2009 762 2061 zwiſchen
770 2010 877 2063 dieſen
892 2023 1012 2067 beyden
1025 2031 1299 2074 Offenbarungen
1328 2037 1471 2081 GOttes
1490 2045 1554 2079 eine
1566 2047 1700 2091 liebliche

262 2049 423 2092 harmonie
429 2061 711 2108 wahrzunehmen,
731 2075 841 2111 davon
858 2075 921 2117 wir
939 2078 1107 2120 folgendes
1116 2094 1308 2134 obſeruiren
1325 2118 1458 2136 wollen:

362 2132 396 2163 1.
424 2124 680 2161 Fundamentum
695 2126 895 2161 Harmoniae
910 2122 996 2166 wird
1009 2136 1170 2172 gefunden
1188 2140 1223 2159 in
1236 2142 1305 2171 ipſa
1322 2144 1385 2159 Dei
1398 2157 1460 2159 natura
1529 2150 1699 2170 iuſtisſima

257 2178 290 2205 et
309 2168 532 2217 benignisſima.
641 2169 754 2232 Denn
775 2176 805 2234 ſo
831 2181 1043 2241 vollkommen
1068 2201 1117 2242 die
1134 2199 1405 2249 Gerechtigkeit
1426 2200 1494 2240 und
1509 2199 1699 2247 Heiligkeit

258 2204 408 2245 GOttes
421 2211 482 2242 mit
490 2201 586 2250 ſeiner
601 2232 710 2261 Liebe
726 2228 941 2275 harmoniret,
957 2237 990 2289 ſo
1001 2244 1223 2303 vollkommen
1235 2248 1372 2299 ſtimmet
1386 2259 1456 2294 auch
1490 2259 1550 2289 das
1566 2259 1700 2306 Gesetz,

258 2271 325 2309 das
360 2275 425 2309 aus
456 2270 516 2309 dem
558 2276 718 2327 attributo
745 2290 883 2327 iuſtitiae
910 2301 943 2328 et
975 2290 1151 2326 ſanctitatis
1181 2293 1354 2337 gefloſſen,
1387 2291 1514 2329 uͤberein
1540 2296 1601 2327 mit
1625 2299 1700 2331 dem

258 2316 477 2366 Evangelio,
485 2315 551 2357 das
567 2321 633 2357 aus
648 2321 722 2359 dem
737 2331 902 2367 principio
920 2341 1041 2365 gratiae
1058 2350 1089 2355 et
1103 2350 1213 2354 amoris
1243 2348 1454 2366 hergefloſſen.
1480 2349 1592 2359 GOtt
1604 2351 1641 2368 iſt
1649 2358 1701 2368 zu⸗

258 2370 357 2423 gleich
381 2372 547 2421 legislator
569 2383 600 2408 et
622 2377 828 2421 euangeliſta.
882 2386 932 2419 Er
949 2390 987 2422 iſt
1001 2391 1169 2423 legislator
1192 2396 1225 2413 in
1244 2399 1344 2421 ſeinen
1368 2401 1498 2419 heiligen
1514 2401 1701 2418 Forderun⸗

260 2437 333 2477 gen,
351 2427 405 2469 die
423 2426 489 2468 das
504 2424 613 2476 Geſetz
635 2427 668 2467 in
683 2428 743 2478 ſich
765 2431 880 2477 faſſet,
906 2444 1113 2475 Euangeliſta
1138 2447 1170 2467 in
1184 2449 1284 2474 ſeinen
1300 2447 1462 2474 gnaͤdigen
1479 2453 1618 2481 offerten
1642 2463 1700 2505 und

258 2482 536 2537 Verheiſſungen,
551 2481 601 2525 die
619 2480 683 2524 das
696 2482 919 2533 Evangelium
935 2491 969 2525 in
985 2493 1045 2535 ſich
1060 2496 1164 2536 faſſet.

928 2558 1070 2607 Uuuu
1070 2558 1187 2607 uuu
1187 2558 1228 2607 2

1531 2581 1581 2624 2.
1581 2581 1700 2624 Exem-
