1470 2223
270 443 322 487 (je
346 444 540 488 entſchiedner
553 448 621 488 ſein
651 440 717 495 Fall
736 442 810 495 auch
829 450 883 482 den
909 451 1025 492 ihrigen

270 491 472 548 beſtimmte),
497 491 604 547 wandte
640 500 703 546 alle
722 495 911 551 erſinnliche
914 503 1034 541 Mittel

273 571 336 600 an,
371 572 420 595 um
452 564 503 604 ſich
538 564 815 607 durchzuarbeiten.
868 569 1024 612 Friedrich

270 616 323 659 ſah
349 618 400 659 ſich
425 627 487 649 von
511 619 590 649 allen
614 619 726 652 Seiten
752 620 940 661 angefallen,
963 622 1023 654 und

271 675 327 704 mit
361 667 482 714 Arbeit
504 668 740 717 überhäuft,
742 684 792 704 um
831 691 878 699 —
912 677 1024 716 Julius

271 728 388 759 willen!
425 727 528 767 Dazu
548 729 663 773 geſellte
686 729 746 770 ſich
769 736 818 764 der
852 733 935 772 Blick
970 736 1027 774 auf

270 777 329 807 das
352 774 544 818 Verhältniß
568 778 660 817 ſeiner
690 777 861 820 Schweſter
889 784 943 810 mit
964 784 1025 820 Ju⸗

261 837 361 877 lius,
379 838 458 870 und
476 841 527 871 des
552 829 738 889 Jünglings
756 841 893 876 erkaltete
916 842 1023 883 Zunei⸗

269 906 367 940 gung
382 898 433 942 für
456 901 516 943 ihn.
563 903 652 936 Man
671 904 757 943 hatte
778 905 855 945 nicht
879 904 1023 948 geſäumt,

227 952 413 996 Friedrich
449 964 589 997 anonym
618 965 652 998 zu
690 949 908 1000 unterrichten,
945 966 1024 991 was

266 1011 405 1055 zwiſchen
440 1009 554 1057 Julius
590 1017 652 1050 und
679 1018 894 1061 Adolphinen
926 1021 1022 1062 gälte!

267 1072 320 1106 So
346 1073 583 1116 geheimnißvoll
619 1071 698 1122 auch
719 1078 780 1117 ihre
815 1068 1022 1121 Schwanger⸗

266 1124 360 1164 ſchaft
374 1113 546 1164 behandelt
570 1128 669 1165 ward,
682 1130 793 1158 konnte
817 1132 864 1166 ihr
886 1131 1022 1170 Zuſtand

267 1187 339 1229 doch
355 1188 433 1229 nicht
457 1192 512 1221 den
528 1188 793 1233 Späher⸗Augen
819 1196 1023 1232 entgehen—

266 1247 301 1285 ja
336 1248 421 1287 ſelbſt
454 1252 496 1285 im
530 1250 623 1281 Bade
652 1251 795 1290 exiſtirten
835 1250 1047 1289 Kreaturen,

267 1306 314 1338 die
352 1305 419 1345 auf
439 1307 556 1347 höhere
586 1307 695 1341 Ordre
725 1300 916 1349 Adolphinen
951 1301 1020 1349 und

262 1351 376 1395 Julius
390 1352 695 1397 beobachteten.
725 1347 730 1352 —

334 1416 401 1449 Alle
422 1411 496 1455 dieſe
513 1415 669 1458 Anſichten
695 1416 812 1451 blieben
837 1418 902 1450 dem
927 1423 1019 1459 guten

262 1473 389 1516 Julius
411 1471 489 1513 nicht
520 1475 696 1508 unbekannt
722 1495 768 1502 —
808 1477 867 1510 Sie
891 1480 1018 1511 bildeten

266 1527 327 1568 ihm
351 1515 422 1571 ſtille
445 1525 617 1571 Vorwürfe
647 1532 708 1562 und
730 1530 1020 1575 Verſchloſſenheit;

265 1589 440 1631 Adolphine
475 1589 570 1629 nahm
597 1592 660 1623 dies
684 1595 723 1624 im
755 1593 870 1624 andern
901 1593 1017 1629 Sinne,

251 1643 328 1671 und
364 1640 394 1681 ſo
435 1638 562 1681 quälten
598 1642 648 1683 ſich
685 1648 731 1673 die
765 1650 868 1675 beiden
905 1648 1017 1684 jungen

265 1698 377 1733 Seelen
404 1707 463 1732 aus
476 1692 689 1744 Delikateſſe.

330 1765 426 1809 Hätte
467 1764 546 1807 nicht
586 1767 630 1797 die
669 1770 741 1809 gute
777 1769 928 1811 Wirkung
966 1769 1018 1802 des
