1399 2093
139 338 226 384 wiſch
240 335 343 375 reiben
354 337 421 374 und
429 331 517 377 recht
536 327 677 376 erhitzen,
700 327 832 371 darnach
839 328 897 364 mit
904 326 963 361 die⸗

140 391 185 437 ſer
198 388 310 430 Salbe
321 384 506 432 beſtreichen,
531 386 595 418 und
608 384 668 417 mit
682 384 736 417 der
746 377 843 423 Hand
856 377 963 422 ſolang

140 439 273 477 daruͤber
297 433 408 486 reiben,
439 435 489 471 bis
507 435 554 470 die
569 429 679 470 Salbe
693 436 771 473 ganz
785 425 965 473 eingedrun⸗

141 506 201 534 gen
216 497 264 534 iſt.

220 546 318 592 Dieſe
330 541 466 591 Auflage
485 535 562 586 muß
577 538 639 576 alle
654 536 744 583 Tage
762 546 780 581 7
798 535 848 572 bis
866 542 883 574 8
902 535 966 570 mal

145 596 323 643 geſchehen;
355 598 411 630 den
425 595 542 630 andern
563 589 655 634 Tag,
687 589 785 626 nimm
798 589 889 623 einen
904 585 968 631 hal⸗

146 652 205 688 ben
227 644 403 691 Schoppen
421 640 653 683 Brandwein,
692 638 805 680 waſche
828 646 889 673 von
915 637 971 670 der

147 696 308 742 Schulter
322 697 379 730 den
385 690 510 738 Unraͤth
523 690 575 729 ab,
606 691 671 725 und
682 685 784 730 wiſche
794 688 906 722 wieder
914 685 972 719 mit

148 747 264 795 Stroh
279 747 329 782 bis
341 745 396 790 ſich
412 746 459 780 die
472 740 630 788 Schulter
639 735 778 784 erhitzet,
805 740 870 772 und
887 732 975 778 fahre

149 795 215 840 fort
227 797 284 832 mit
299 798 350 831 der
366 790 474 831 Salbe
499 790 547 826 wie
570 797 606 825 am
614 787 745 830 vorigen
753 783 854 828 Tage.
892 781 977 821 Con⸗

140 842 265 876 tinuire
288 839 386 873 damit
407 835 508 880 einige
520 832 630 877 Tage,
651 822 717 867 und
739 829 787 874 ſey
804 827 977 873 verſichert,

151 893 203 936 daß
235 894 279 927 die
282 888 396 934 Salbe
405 878 489 933 nicht
500 887 594 923 allein
605 888 660 921 der
686 880 799 931 duͤrren
814 870 977 930 Schulter,

151 945 281 989 ſondern
294 942 383 986 auch
408 943 464 978 den
463 937 685 985 abgenutzten
697 933 889 981 Schenkeln
913 930 980 977 ſehr

144 986 268 1046 heilſam
289 993 344 1031 iſt.

462 1043 517 1115 §.
561 1052 682 1102 XXIV.

159 1154 266 1223 Von
266 1158 346 1213 den
365 1155 639 1216 Krankheiten
659 1164 730 1203 am
738 1149 985 1209 Oberſchen⸗

365 1221 421 1261 kel
433 1220 515 1259 oder
527 1226 585 1257 am
600 1213 774 1260 Vorarm.

155 1298 234 1378 D

234 1297 312 1342 ieſes
330 1291 432 1334 Glied
449 1291 488 1334 iſt
503 1289 623 1335 einigen
634 1296 707 1324 von
720 1284 840 1332 ſowohl
853 1281 988 1326 aͤußerli⸗

234 1335 333 1376 chen
344 1341 397 1364 als
409 1337 489 1369 auch
499 1342 566 1360 von
577 1329 761 1364 innerlichen
768 1326 917 1363 Urſachen
928 1329 990 1352 ent⸗

165 1393 325 1440 ſtehenden
333 1390 559 1437 Krankheiten,
582 1386 800 1432 unterworfen.

204 1449 266 1494 Die
268 1446 484 1498 aͤußerlichen
489 1448 641 1493 Urſachen
646 1446 709 1491 ſind
734 1434 840 1493 Stoͤße,
856 1431 993 1489 Streiche

163 1502 241 1551 oder
245 1501 488 1550 Quetſchungen
500 1505 566 1537 und
581 1497 769 1544 Bleſſuren:
809 1498 855 1531 die
867 1495 993 1530 innerli⸗

173 1553 222 1597 che
234 1549 293 1596 ſind
306 1550 346 1600 in
361 1554 408 1588 der
413 1540 611 1588 Circulation
628 1542 821 1590 verhinderte
829 1539 994 1581 humores,

171 1603 281 1646 welche
291 1606 401 1647 wegen
415 1589 636 1645 Verſtopfung
648 1594 731 1641 ihrer
744 1590 874 1638 Gefaͤße
886 1589 994 1636 zuruͤck

174 1653 305 1699 bleiben,
326 1642 392 1690 und
404 1645 616 1696 Geſchwuͤlſte
626 1643 766 1687 machen.

247 1723 473 1773 Aeußerliche
481 1719 662 1770 Urſachen
669 1721 730 1758 der
738 1715 927 1765 Schaͤden.

249 1788 328 1827 Wir
346 1783 460 1823 wollen
478 1792 542 1820 von
560 1779 752 1826 aͤußerlichen
769 1776 926 1823 Schaͤden
941 1779 1000 1813 den

178 1834 306 1882 Anfang
320 1833 454 1880 machen,
475 1835 540 1872 und
554 1829 677 1875 dieſelbe
691 1825 900 1873 unterſuchen.
