1659 2419
313 486 433 531 Bew.
461 485 567 529 Denn
585 491 618 524 es
636 473 703 533 muß
720 476 786 520 mit
805 483 865 518 den
874 476 1145 528 Hauptabſichten
1159 477 1218 515 des

236 541 437 591 Bauherrns
453 537 548 587 voͤllig
566 533 838 583 uͤbereinſtimmen
854 528 899 580 (§.
915 533 960 578 1.)
979 535 1044 570 und
1060 529 1123 577 alſo
1139 528 1221 576 ſeine

236 590 427 643 weſentliche
448 576 738 638 Vollkommenheit
761 585 863 637 haben
886 578 948 632 (§.
970 584 1047 634 8.).
1097 581 1222 624 Wenn

237 655 316 684 man
332 644 406 682 aber
420 641 499 688 dieſe
515 640 745 693 wahrnimmt,
769 635 946 684 verurſacht
968 637 1008 680 ſie
1035 635 1072 673 in
1086 641 1150 673 uns
1168 634 1222 671 ein

239 698 393 747 Gefallen
414 694 469 745 (§.
495 705 579 744 304.
597 691 732 740 Met.),
758 696 826 730 und
854 689 916 738 alſo
940 697 1066 728 nennen
1080 690 1142 728 wir
1157 693 1218 727 das

240 749 399 795 Gebaͤude
408 745 496 799 ſchoͤn
507 745 635 797 (§.8.).
673 747 748 786 Und
760 744 833 786 weil
846 746 895 787 ein
906 739 1035 788 Schein
1043 745 1098 779 des
1109 743 1221 782 Man⸗

238 802 308 850 gels
324 802 410 840 einer
426 810 483 847 zur
495 794 787 847 Vollkommenheit
800 800 860 837 des
873 790 1050 838 Gebaͤudes
1066 786 1223 839 noͤthigen

241 856 358 900 Sache
375 854 466 898 leicht
481 862 522 897 zu
543 850 646 890 einem
662 847 874 897 Vorurtheile
888 843 998 892 Anlaß
1011 841 1108 891 geben
1123 844 1222 888 kann,

241 909 290 948 als
308 913 402 945 wenn
416 903 487 945 dem
502 900 656 943 Gebaͤude
672 905 775 941 etwas
798 895 912 950 fehlte,
933 902 998 937 und
1014 895 1149 942 dadurch
1173 895 1225 933 ein

243 961 425 1009 Mißfallen
455 959 488 999 in
517 955 746 1005 Betrachtung
774 955 830 994 des
860 951 1037 996 Gebaͤudes
1064 948 1224 998 entſtehen

242 1008 352 1056 wuͤrde
376 1007 431 1063 (§.
453 1005 554 1059 10.);
586 1008 618 1057 ſo
641 1009 721 1057 muß
745 1011 800 1047 der
821 1004 1028 1057 Baumeiſter
1047 1002 1102 1050 bey
1124 1000 1228 1040 einem

242 1063 398 1109 Gebaͤude
421 1062 500 1110 auch
514 1060 680 1111 dasjenige
694 1055 895 1106 anbringen,
920 1055 1050 1105 welches
1069 1052 1147 1099 auch
1162 1060 1227 1090 nur

244 1118 335 1161 einen
352 1117 632 1165 unvermeidlichen
642 1113 771 1162 Schein
788 1117 842 1153 der
856 1107 1143 1162 Nothwendigkeit
1158 1105 1227 1156 hat,

225 1164 301 1213 um
313 1169 508 1221 dergleichen
525 1166 743 1218 Vorurtheile
755 1174 793 1211 zu
809 1163 1013 1214 verhindern,
1035 1160 1069 1201 in
1085 1160 1135 1201 die
1151 1168 1229 1198 man

236 1226 397 1275 verfallen
414 1225 509 1271 kann,
524 1223 603 1271 auch
620 1230 716 1261 wenn
730 1229 809 1259 man
826 1220 904 1264 nach
919 1223 979 1257 den
995 1217 1161 1264 Abſichten
1175 1218 1231 1253 des

244 1282 368 1325 ganzen
393 1270 571 1314 Gebaͤudes
601 1276 669 1311 und
699 1268 797 1317 ſeiner
819 1266 930 1318 Theile
954 1267 1013 1314 ſich
1038 1261 1270 1312 erkundiget.

246 1331 434 1378 Deswegen
465 1328 545 1374 muß
573 1326 636 1374 ein
651 1324 809 1369 Gebaͤude
832 1322 922 1373 ſchoͤn
949 1321 1083 1369 gebauet
1105 1322 1232 1360 werden

247 1385 300 1440 (§.
317 1384 386 1438 9.).
438 1383 623 1438 Welches
640 1387 716 1425 das
732 1381 822 1430 erſte
837 1389 936 1422 war.

325 1442 423 1483 Weil
448 1448 514 1478 uns
529 1429 612 1477 aber
634 1438 701 1477 kein
715 1422 870 1474 Gebaͤude
886 1430 975 1482 ſchoͤn
993 1433 1117 1472 duͤnken
1135 1432 1233 1471 kann,

249 1506 377 1553 welches
403 1502 464 1545 wir
488 1500 574 1550 nicht
598 1503 660 1543 mit
684 1499 774 1550 Fleiß
797 1498 996 1543 betrachten;
1024 1495 1055 1545 ſo
1079 1495 1156 1541 muß
1179 1498 1234 1532 der

249 1555 460 1605 Baumeiſter
473 1556 552 1603 auch
566 1555 623 1601 bey
639 1557 710 1594 dem
728 1550 882 1593 Gebaͤude
898 1550 954 1600 hin
980 1555 1046 1589 und
1061 1546 1175 1589 wieder
1192 1554 1236 1585 et⸗

249 1602 324 1649 was
347 1605 550 1654 anbringen,
571 1597 719 1651 wodurch
744 1601 794 1642 die
817 1602 901 1641 Leute
922 1600 1072 1647 bewogen
1094 1598 1235 1643 werden,

233 1662 288 1694 es
312 1654 374 1693 mit
394 1642 499 1699 Ernſt
523 1649 749 1696 anzuſchauen.
807 1648 883 1685 Und
905 1642 1056 1683 demnach
1079 1642 1157 1686 muß
1183 1642 1280 1679 ein

249 1706 406 1772 Gebaͤude
422 1704 497 1766 auch
522 1709 640 1760 zierlich
657 1707 730 1758 ſeyn
754 1704 800 1758 (§.
821 1709 907 1758 12.).
960 1700 1143 1754 Welches
1161 1704 1236 1745 das

254 1771 395 1813 andere
411 1777 556 1811 war.

563 1838 651 1883 Der
664 1847 718 1880 2.
742 1831 928 1883 Lehrſatz.

331 1900 365 1955 §.
395 1914 452 1951 19.
476 1901 549 1952 Die
574 1896 885 1950 auſſerordentlichen
904 1891 1094 1947 Zierrathen
1118 1892 1240 1941 muͤſſen

255 1961 359 1999 weder
373 1961 428 1997 der
443 1954 656 2004 weſentlichen
671 1948 964 2000 Vollkommenheit
979 1952 1034 1991 des
1050 1946 1244 1994 Gebaͤudes,

257 2014 338 2061 noch
353 2012 456 2062 ihrem
480 2006 760 2060 unvermeidlichen
775 2003 922 2055 Scheine
941 2002 985 2044 im
1001 2001 1181 2054 geringſten
1199 2007 1243 2040 et⸗

259 2064 342 2109 was
351 2062 536 2114 benehmen.
