2638 3195
634 924 745 968 gerech⸗

634 968 744 1022 tigkeit

638 1022 671 1059 u.
671 1016 753 1059 ewi⸗

638 1059 690 1109 ges
690 1059 753 1107 le⸗

640 1109 694 1147 ben
694 1108 753 1147 er⸗

641 1147 753 1199 langt

641 1201 725 1233 man

641 1233 725 1284 durch

643 1288 694 1319 den

643 1314 752 1366 glaubẽ

645 1367 722 1414 ohne

647 1414 705 1458 das
705 1414 753 1463 ge⸗

648 1459 692 1500 ſetz
703 1464 751 1493 und

649 1500 698 1536 die
698 1499 750 1535 lie⸗

651 1543 696 1576 be.

756 642 818 681 ben
841 631 1060 678 weggethan,
1079 632 1110 673 ſo
1121 634 1204 672 muß
1221 627 1353 668 freylich
1368 628 1418 664 die
1436 624 1540 663 Liebe,

753 685 825 725 und
835 682 938 727 alles,
955 684 988 728 ſo
1006 678 1053 719 im
1073 679 1182 728 Geſetz
1199 674 1383 727 begriffen,
1405 670 1542 723 zugleich

757 736 876 773 hintan
901 733 1004 773 geſetzt
1018 731 1161 774 werden,
1176 729 1245 768 und
1254 725 1353 768 allein
1363 724 1418 764 der
1427 713 1544 774 Glau⸗

758 789 801 830 be
801 788 850 829 da
865 776 1005 835 bleiben,
1018 779 1149 829 welcher
1161 779 1180 820 b
1195 777 1269 824 eyde
1284 772 1406 821 gerecht
1419 775 1490 817 und
1502 766 1560 814 le⸗

761 841 876 890 bendig
893 833 1034 884 machet.

806 905 843 930 2.
860 888 1007 929 Darum
1020 883 1166 931 beweiſet
1175 882 1245 927 St.
1257 877 1399 925 Paulus
1408 877 1476 913 aus
1483 875 1550 918 die⸗

767 949 833 994 ſem
846 941 994 990 Spruch
1004 940 1066 979 des
1083 935 1280 987 Propheten
1305 935 1387 979 aufs
1406 928 1547 974 klaͤrlich⸗

756 996 829 1048 ſte,
829 993 916 1045 daß
916 988 1078 1042 kurtzum
1078 982 1255 1036 niemand
1255 979 1335 1030 vor
1335 975 1465 1027 Gott
1465 975 1563 1024 koͤn⸗

753 1056 816 1104 ne
816 1049 964 1102 gerecht
964 1041 1127 1097 werden,
1127 1037 1229 1092 noch
1229 1032 1315 1090 das
1315 1028 1431 1088 Leben
1430 1029 1563 1085 erlan⸗

753 1105 864 1157 gen,
864 1101 917 1153 er
917 1098 980 1151 ſey
980 1095 1080 1148 denn
1080 1088 1263 1144 glaͤubig;
1263 1084 1359 1138 der,
1359 1082 1458 1135 und
1458 1081 1563 1132 ſonſt

753 1149 968 1202 niemand,
969 1143 1137 1201 erlanget
1137 1141 1209 1197 die
1209 1132 1472 1195 Gerechtigkeit
1472 1129 1563 1190 und

771 1204 903 1254 ewiges
903 1202 1023 1252 Leben,
1027 1200 1128 1251 ohne
1128 1197 1241 1250 Geſetz
1241 1195 1321 1248 und
1321 1194 1437 1247 Liebe,
1449 1192 1556 1235 durch

771 1253 840 1311 den
840 1251 1023 1309 Glauben
1028 1249 1144 1305 allein.
1192 1248 1318 1302 Urſach
1318 1248 1362 1302 iſt
1362 1247 1457 1301 dieſe,
1477 1246 1557 1293 denn

774 1315 840 1355 das
855 1305 964 1360 Geſetz
978 1303 1015 1355 iſt
1028 1313 1118 1349 nicht
1131 1311 1193 1345 des
1204 1299 1412 1345 Glaubens;
1429 1294 1498 1335 das
1508 1287 1566 1336 iſt,

765 1364 843 1410 das
843 1361 963 1408 Geſetz
963 1360 1008 1406 iſt
1008 1358 1102 1405 nicht
1102 1356 1207 1403 das,
1210 1354 1284 1402 das
1284 1353 1345 1402 der
1355 1351 1500 1402 Glaube
1500 1350 1562 1398 iſt,

772 1420 835 1464 der
835 1418 909 1464 ſich
909 1414 1013 1464 allein
1013 1412 1070 1463 an
1070 1411 1128 1461 die
1128 1407 1228 1460 bloſſe
1228 1400 1460 1459 Verheiſſung
1462 1399 1560 1446 Got⸗

779 1474 833 1519 tes
842 1468 915 1518 haͤlt
925 1475 969 1514 ꝛc.
978 1464 1115 1517 ſondern
1126 1471 1163 1503 es
1166 1462 1214 1512 iſt
1218 1468 1321 1500 ander
1330 1458 1449 1503 Ding.
1465 1450 1561 1506 Auch

781 1522 848 1572 ſind
858 1520 913 1563 die
923 1517 1071 1562 Wercke
1081 1520 1146 1557 des
1153 1512 1304 1563 Geſetzes
1302 1506 1406 1551 nicht
1407 1511 1490 1552 das,
1496 1505 1560 1548 das

780 1572 838 1627 der
849 1567 996 1624 Glaube
996 1567 1065 1621 iſt;
1081 1561 1221 1619 darum
1221 1560 1266 1616 iſt
1276 1557 1346 1614 der
1346 1554 1494 1613 Glaube
1499 1552 1563 1608 et⸗

779 1632 859 1664 was
869 1630 1005 1666 anders,
1018 1625 1073 1660 als
1083 1623 1151 1661 das
1160 1617 1282 1668 Geſetz;
1292 1616 1355 1656 wie
1364 1612 1446 1659 auch
1457 1610 1561 1659 Ver⸗

780 1678 925 1732 heiſſung
945 1680 1055 1720 etwas
1071 1673 1197 1718 anders
1216 1668 1282 1721 iſt,
1282 1666 1359 1719 als
1359 1664 1443 1717 das
1443 1662 1568 1715 Geſetz

780 1729 855 1786 iſt.
855 1725 1037 1785 Darum
1037 1723 1142 1780 wird
1142 1722 1200 1776 die
1216 1715 1467 1778 Gerechtigkeit
1467 1713 1578 1776 nicht

780 1788 926 1833 dadurch
935 1782 1105 1831 erlanget,
1131 1777 1198 1824 daß
1206 1786 1287 1814 man
1303 1776 1453 1815 Wercke
1472 1771 1558 1821 thut,

771 1838 913 1890 ſondern
921 1831 1081 1882 dadurch,
1086 1832 1150 1880 daß
1155 1838 1236 1872 man
1246 1827 1375 1872 glaubt.

834 1901 868 1933 3.
879 1889 1063 1936 Gleichwie
1070 1891 1142 1924 nun
1148 1881 1201 1920 die
1208 1873 1429 1931 Philoſophia
1446 1865 1573 1923 lehret,

779 1950 848 1994 daß
865 1947 957 1990 eines
976 1944 1070 1990 jeden
1085 1940 1212 1988 Dings
1228 1927 1393 1984 natuͤrlich
1409 1925 1564 1980 Weſen,

780 1994 921 2047 welches
929 2002 1011 2037 man
1019 1987 1273 2034 Subſtantiam
1282 1984 1416 2032 nennet,
1431 1988 1486 2029 gar
1504 1977 1563 2022 viel

783 2052 835 2094 ein
849 2051 954 2093 ander
977 2044 1062 2093 Ding
1080 2045 1144 2090 ſey,
1184 2042 1270 2085 denn
1287 2038 1370 2086 ſeine
1385 2031 1561 2083 acciden-

788 2104 870 2144 tia,
921 2096 1059 2144 welches
1077 2095 1148 2143 ſind
1163 2090 1368 2141 mancherley
1388 2082 1567 2132 ungleiche,

786 2150 998 2190 wandelbare
1022 2150 1092 2190 und
1114 2140 1266 2190 zufaͤllige
1289 2131 1569 2190 Eigenſchaften;

785 2205 878 2244 denn
890 2201 971 2244 nach
982 2202 1036 2243 der
1045 2196 1267 2242 Subſtantia,
1276 2199 1355 2239 oder
1364 2188 1584 2242 natuͤrlichen

792 2251 941 2299 Weſen,
959 2252 1082 2304 muͤſſen
1091 2254 1154 2297 alle
1163 2248 1298 2300 Dinge,
1313 2244 1348 2299 ſo
1356 2244 1494 2296 einerley
1503 2242 1582 2287 Art

793 2315 864 2355 und
874 2306 996 2347 Natur
1006 2308 1093 2350 ſeyn,
1109 2304 1210 2349 gleich
1220 2304 1318 2346 ſeyn:
1337 2301 1427 2344 Als,
1444 2300 1510 2342 daß
1521 2297 1582 2338 ein

794 2364 883 2410 jeder
892 2360 1033 2407 Menſch
1048 2358 1147 2402 ſeiner
1164 2353 1377 2397 Subſtantia
1386 2352 1465 2390 oder
1477 2348 1585 2387 We⸗

793 2417 870 2463 ſens
885 2408 1003 2459 halben
1012 2406 1083 2448 Leib
1093 2412 1160 2452 und
1170 2407 1263 2449 Seel
1270 2404 1364 2446 habe,
1373 2403 1436 2442 wie
1448 2402 1505 2439 der
1513 2399 1585 2437 an⸗

796 2469 881 2512 dere.
935 2456 1083 2503 Welche
1107 2454 1294 2504 Gleichheit
1316 2456 1380 2500 mit
1404 2455 1467 2497 den
1481 2451 1583 2498 Acci-

797 2516 929 2565 dentien
949 2511 1028 2558 oder
1030 2509 1210 2561 zufaͤlligen
1219 2506 1474 2559 Eigenſchaften
1491 2505 1585 2552 nicht

800 2568 858 2619 iſt,
886 2567 941 2609 als
950 2566 994 2606 da
1007 2561 1091 2613 ſind,
1105 2548 1245 2611 gelehrt,
1260 2557 1383 2606 beredt,
1400 2555 1501 2606 groß,
1523 2558 1585 2600 ge⸗

797 2624 897 2676 ſund,
910 2616 1007 2674 ſchoͤn
1018 2617 1105 2666 ſeyn,
1120 2618 1190 2656 und
1206 2609 1418 2663 dergleichen.
1468 2602 1582 2660 Denn

800 2675 919 2728 obwol
927 2672 987 2723 alle
997 2665 1185 2718 Menſchen
1191 2662 1282 2715 ihrer
1301 2657 1489 2709 ſubſtantia
1505 2650 1585 2707 oder

802 2724 1011 2769 natuͤrlichen
1013 2717 1167 2767 Weſens
1176 2713 1295 2764 halben
1307 2715 1408 2764 gleich
1414 2707 1499 2763 ſind,
1499 2700 1585 2760 und,

800 2782 867 2824 wie
875 2787 957 2822 man
973 2775 1063 2827 ſagt,
1081 2778 1151 2817 aus
1170 2770 1278 2814 einem
1297 2768 1402 2816 Thon
1416 2760 1585 2813 gemacht,

803 2835 838 2885 ſo
847 2833 954 2885 haben
962 2832 1004 2879 ſie
1013 2829 1092 2874 aber
1100 2827 1181 2874 doch
1191 2824 1280 2870 nicht
1297 2823 1362 2866 alle
1376 2818 1496 2863 gleiche
1519 2820 1583 2857 und

803 2886 941 2935 einerley
955 2878 1189 2933 Eigenſchaft,
1214 2873 1278 2923 wie
1294 2883 1375 2921 man
1392 2870 1449 2927 fuͤr
1465 2864 1584 2924 Augen

1563 621 1672 661 ſiehet,
1685 620 1752 659 daß
1761 617 1825 659 wir
1832 614 1919 656 nicht
1928 612 1992 655 alle
1999 609 2102 653 gleich
2114 608 2262 651 gelehrt,
2277 613 2350 648 ver⸗

1565 659 1707 714 ſtaͤndig,
1724 657 1854 712 beredt,
1873 658 1979 710 reich,
1996 656 2156 709 gewaltig
2172 656 2240 700 und
2249 653 2351 706 ſtarck

1568 721 1629 759 etc.
1645 715 1733 766 ſeyn.

1622 806 1656 838 4.
1686 788 1836 841 Darum
1836 782 1916 839 ſage
1916 778 1976 838 ich
1976 787 2072 836 nun,
2099 782 2167 834 daß
2184 781 2354 832 gleichwie

1563 845 1622 889 die
1635 845 1884 889 Philoſophia
1902 841 1959 886 fuͤr
1973 843 2039 879 das
2056 846 2134 889 erſte
2146 843 2265 891 lehret,
2299 843 2350 886 die

1572 901 1785 939 Subſtantia
1793 893 1878 934 oder
1878 891 2053 933 natuͤrlich
2053 892 2186 932 Weſen
2203 891 2300 943 eines
2300 890 2350 940 je⸗

1567 947 1635 993 den
1635 946 1785 995 Dinges
1794 945 1866 995 von
1866 944 1987 997 ſeinen
1989 944 2201 998 Accidentien
2207 940 2292 999 oder
2292 940 2349 1001 zu⸗

1563 998 1712 1058 faͤlligen
1712 993 1976 1055 Eigenſchaften
1976 998 2025 1053 zu
2025 992 2297 1051 unterſcheiden;
2297 992 2347 1048 al⸗

1563 1061 1605 1100 ſo
1611 1057 1712 1100 lehret
1715 1056 1775 1102 die
1785 1051 2008 1103 Theologia
2017 1055 2099 1105 auch
2117 1053 2170 1098 die
2186 1047 2352 1103 Verheiſ⸗

1563 1111 1663 1159 ſung
1663 1109 1748 1158 von
1748 1107 1835 1157 dem
1835 1106 1960 1156 Geſetz
1960 1106 2016 1155 zu
2016 1103 2304 1154 unterscheiden,
2304 1102 2360 1153 ſo

1563 1158 1662 1212 weit
1662 1157 1743 1211 als
1743 1157 1817 1210 der
1817 1155 1995 1210 Himmel
1995 1154 2075 1208 von
2075 1154 2157 1208 der
2157 1153 2289 1207 Erden
2289 1153 2360 1206 iſt.

1578 1215 1677 1265 Sind
1686 1225 1756 1253 nun
1767 1217 1818 1254 die
1836 1210 2068 1258 Verheiſſung
2083 1215 2154 1256 und
2171 1212 2238 1252 das
2250 1207 2354 1265 Geſe⸗

1571 1270 1615 1327 tze
1627 1273 1715 1318 zwey
1729 1265 1989 1315 unterſchiedene
2011 1261 2141 1310 Ding,
2171 1261 2229 1303 der
2245 1260 2356 1305 keines

1571 1318 1660 1374 zum
1660 1318 1811 1373 andern
1811 1315 1978 1371 gehoͤret,
1988 1315 2027 1363 ſo
2044 1314 2166 1363 muͤſſen
2186 1314 2357 1364 gewißlich

1576 1372 1718 1425 Glaube
1718 1371 1797 1424 und
1797 1370 1923 1424 Werck
1932 1373 2016 1409 auch
2029 1371 2262 1412 unteꝛſchieden
2269 1364 2360 1418 ſeyn,

1572 1430 1648 1468 und
1659 1428 1741 1473 nicht
1763 1420 1945 1472 zuſammen
1965 1417 2133 1466 gehoͤren.
2203 1421 2360 1468 Daraus

1574 1472 1664 1526 denn
1665 1471 1801 1532 folget,
1801 1471 1894 1529 daß
1894 1471 1946 1525 es
1946 1469 2136 1524 unmoͤglich
2146 1468 2213 1523 iſt,
2213 1468 2291 1521 daß
2292 1468 2360 1520 das

1582 1530 1691 1578 Geſetz
1700 1534 1761 1571 des
1770 1529 1955 1572 Glaubens
1971 1526 2044 1571 ſeyn
2058 1525 2181 1574 koͤnne;
2206 1523 2293 1565 denn
2300 1521 2357 1563 der

1585 1580 1723 1629 Glaube
1742 1581 1868 1626 hanget
1882 1580 1981 1624 allein
1998 1590 2044 1623 an
2059 1580 2118 1622 der
2132 1573 2364 1620 Verheiſſung

1585 1634 1765 1678 Gottes,
1765 1632 1884 1677 lernet
1884 1629 2028 1676 daraus
2028 1627 2148 1675 ſeinen
2148 1626 2303 1674 Willen
2303 1627 2363 1673 er⸗

1585 1677 1736 1738 kennen:
1737 1684 1811 1735 hat
1809 1678 1994 1733 derhalben
1994 1676 2089 1731 ſonſt
2089 1676 2160 1729 mit
2160 1676 2291 1729 keinem
2287 1674 2363 1726 an⸗

1584 1738 1667 1785 dern
1667 1737 1712 1785 zu
1712 1735 1831 1783 thun,
1831 1734 1930 1783 denn
1930 1733 2007 1783 daß
2007 1732 2042 1783 er
2042 1732 2150 1783 allein
2163 1738 2232 1783 von
2251 1728 2367 1783 GOtt

1585 1784 1721 1864 allerley
1721 1785 1853 1845 Guͤter
1853 1786 2043 1848 empfaͤhet.

1633 1881 1671 1917 5.
1686 1866 1777 1914 Das
1790 1862 1903 1916 Geſetz
1910 1862 1991 1905 aber
2004 1861 2075 1903 und
2084 1859 2136 1902 die
2145 1854 2296 1903 Wercke
2305 1856 2367 1904 ha⸗

1585 1931 1640 1973 ben
1649 1926 1756 1972 damit
1766 1920 1798 1971 zu
1811 1920 1972 1970 ſchaffen,
1985 1915 2052 1963 daß
2053 1912 2110 1969 ſie
2112 1913 2224 1965 GOtt
2231 1912 2364 1956 immer⸗

1585 1976 1644 2019 dar
1658 1973 1784 2026 geben:
1807 1967 1974 2021 gleichwie
1997 1965 2139 2015 Abel,
2186 1962 2301 2008 indem
2327 1961 2370 2013 er

1585 2028 1714 2080 opfert,
1736 2027 1851 2075 GOtt
1858 2024 1951 2075 gibt;
1970 2020 2083 2068 indem
2093 2030 2126 2064 er
2143 2017 2213 2062 aber
2221 2014 2361 2076 glaubet,

1590 2080 1646 2128 von
1657 2079 1768 2128 GOtt
1776 2076 1957 2128 empfahet.
1999 2076 2150 2125 Darum
2158 2073 2286 2127 ſchleuſt
2296 2078 2366 2113 nun

1595 2128 1662 2185 St.
1671 2126 1810 2186 Paulus
1830 2129 1909 2181 aufs
1921 2123 2202 2178 allergewaltigſte
2216 2124 2281 2175 aus
2302 2129 2369 2172 die⸗

1592 2184 1656 2238 ſem
1653 2184 1797 2238 Spruch
1813 2185 1868 2229 des
1871 2181 2071 2237 Propheten
2078 2176 2271 2232 Habacuc:
2280 2175 2373 2226 Daß

1585 2241 1656 2281 der
1673 2239 1871 2281 Gerechte
1888 2237 2009 2280 ſeines
2027 2234 2241 2277 Glaubens
2257 2231 2375 2269 allein

1587 2294 1685 2339 lebe.
1737 2291 1849 2338 Denn
1858 2292 1924 2333 das
1937 2285 2049 2335 Geſetz
2063 2283 2159 2333 gehet
2173 2282 2238 2325 den
2254 2280 2373 2329 Glau⸗

1589 2346 1654 2390 ben
1661 2341 1771 2395 nichts
1779 2350 1847 2390 an,
1862 2341 1949 2383 denn
1964 2342 2002 2380 es
2011 2336 2049 2386 iſt
2061 2337 2094 2384 je
2106 2333 2196 2378 keine
2210 2329 2375 2384 Verheiſ⸗

1592 2397 1696 2446 ſung;
1722 2397 1781 2437 der
1789 2390 1932 2441 Glaube
1944 2388 2026 2432 aber
2042 2389 2125 2439 muß
2143 2385 2194 2429 die
2207 2381 2374 2435 Verheiſ⸗

1593 2448 1677 2498 ſung
1692 2445 1830 2498 haben,
1860 2442 1974 2495 daran
1987 2446 2024 2481 er
2037 2439 2149 2489 hange
2162 2439 2234 2478 und
2249 2430 2376 2486 darauf

1585 2500 1692 2540 ſtehe.
1745 2499 1836 2540 Wie
1845 2504 1907 2538 nun
1924 2498 1990 2536 das
1998 2497 2108 2542 Geſetz
2120 2497 2190 2538 und
2207 2497 2259 2536 die
2274 2496 2375 2537 Ver⸗

1585 2550 1743 2598 heiſſung
1750 2552 1838 2594 zwey
1849 2544 2106 2598 unterſchiedene
2128 2543 2218 2593 Dinge
2241 2538 2373 2586 ſind,
2333 2538 2374 2588 al⸗

1587 2593 1626 2657 ſo
1641 2605 1712 2654 ſind
1719 2605 1776 2645 der
1785 2599 1927 2647 Glaube
1934 2600 2005 2640 und
2014 2596 2065 2639 die
2071 2596 2205 2641 Werck
2212 2598 2297 2640 auch
2310 2599 2375 2632 un⸗

1585 2644 1831 2704 terſchieden.
1854 2650 2003 2694 Darum
2032 2649 2070 2695 iſt
2100 2650 2160 2686 der
2181 2644 2375 2694 Sophiſten

1585 2698 1721 2758 Gloſſa
1733 2706 1784 2747 ein
1793 2704 1864 2748 eitel
1875 2701 2028 2752 erdichte,
2045 2698 2163 2750 falſche
2170 2698 2240 2737 und
2253 2696 2375 2744 gottlo⸗

1591 2764 1639 2808 ſe
1639 2762 1744 2807 Luͤge,
1769 2760 1845 2801 weil
1855 2759 1902 2805 ſie
1902 2757 1978 2804 das
1994 2756 2106 2804 Geſetz
2125 2754 2198 2793 und
2214 2751 2375 2797 Glauben

1590 2813 1788 2861 zuſammen
1796 2808 1986 2861 ſchmeltzen,
1995 2806 2067 2848 und
2078 2807 2133 2847 ein
2131 2803 2238 2854 Ding
2250 2801 2375 2845 daraus

1601 2860 1738 2924 machen
1747 2861 1837 2912 will;
1862 2861 1900 2913 ja
1907 2861 1970 2906 den
1979 2857 2143 2911 Glauben
2152 2856 2223 2902 will
2237 2855 2280 2908 ſie
2292 2852 2375 2902 gantz

2362 813 2441 850 Was

2362 856 2460 890 unter⸗

2360 894 2466 936 ſcheids

2360 936 2467 986 zwi⸗

2363 980 2440 1028 ſchen

2360 1025 2411 1063 der
2421 1029 2479 1061 ver⸗

2365 1063 2431 1106 heiſ⸗

2360 1109 2436 1157 ſung
2436 1107 2480 1157 u.

2361 1157 2431 1197 dem
2431 1157 2483 1196 ge⸗

2367 1199 2420 1246 ſetz,
2422 1203 2483 1243 zwi⸗

2368 1249 2444 1291 ſchen

2370 1294 2451 1329 glau⸗

2368 1330 2418 1363 ben
2429 1330 2469 1363 u.

2371 1366 2483 1417 weꝛcken

2373 1430 2425 1470 ſey.

2376 1913 2442 1954 Der
2450 1917 2490 1951 ge⸗

2377 1956 2465 1998 rechte

2377 2001 2450 2039 lebet

2376 2033 2461 2072 ſeines

2377 2082 2454 2125 g'au⸗

2380 2120 2465 2161 bens.
