2602 2987
812 483 1070 563 Anhang.

1493 502 1637 567 529

275 608 411 660 Wann
434 613 489 657 ein
514 610 665 658 Wirbel
686 594 904 658 uͤberſtritten
920 613 1018 657 war,
1046 604 1080 655 ſo
1101 602 1175 647 kam
1186 600 1255 646 eine
1276 600 1402 643 andere
1416 599 1498 645 noch
1512 599 1614 646 ſtren⸗

276 678 354 716 gere
372 666 620 719 Fluthſchlund
642 668 712 709 und
731 662 1005 712 Windsbraut;
1019 651 1163 715 zuletzt
1183 653 1268 701 wars
1298 656 1365 699 mir
1389 655 1439 702 ich
1459 655 1555 702 ſtecke
1575 656 1612 697 in

239 722 341 764 der
364 709 662 771 Hoͤllen⸗Rachen
688 715 841 769 und
792 708 864 769 ſey
870 723 931 757 am
962 712 1078 759 Rand
1113 712 1176 757 der
1213 704 1516 760 Verzweifflung,
1541 707 1613 747 und

276 769 387 820 ſchrye
407 770 443 814 in
464 770 531 812 das
548 768 647 818 Hertz
669 766 800 817 Chriſti
827 765 890 808 des
917 763 1119 815 Geſalbten
1143 761 1301 808 GOttes
1326 756 1459 809 hinein,
1473 751 1493 799 o
1533 755 1617 800 ſtar⸗

277 825 348 869 cker
379 824 570 871 GOTT!
596 823 645 870 ich
670 819 800 868 ſincke,
828 817 878 869 ich
905 817 987 867 ſinck
1014 817 1052 859 in
1085 815 1201 867 tieffen
1231 809 1428 864 Schlamm
1460 809 1520 853 der
1545 809 1617 851 Ab⸗

277 874 394 920 grund
415 870 562 924 ſchleußt
582 869 649 919 ſein
672 868 757 918 Loch
773 866 817 909 ob
840 864 910 909 mir
929 872 992 914 zu;
1018 869 1057 906 es
1079 863 1118 915 iſt
1133 871 1202 906 nur
1217 861 1306 912 noch
1327 860 1380 904 ein
1405 855 1619 911 Hand⸗breit

280 920 388 970 offen;
411 931 479 964 nur
495 918 569 961 eins
587 915 730 967 begehre
745 914 794 966 ich
810 923 880 959 von
900 914 980 964 dir,
1008 913 1078 965 daß
1101 916 1139 953 es
1161 912 1245 954 alles
1264 920 1301 961 zu
1323 908 1438 953 deiner
1460 899 1618 956 allergroͤ⸗

277 978 344 1024 ſten
362 975 589 1027 Herrlichkeit
612 970 834 1022 ausſchlage,
860 970 933 1013 und
951 971 1020 1014 dan
1040 968 1091 1018 ich
1121 965 1197 1017 dich
1214 967 1298 1017 auch
1326 967 1376 1011 im
1404 961 1534 1015 Bauch
1561 962 1622 1006 der

278 1025 406 1076 Hoͤllen
430 1028 529 1072 lobe:
556 1027 600 1071 O
617 1024 684 1068 wie
708 1023 810 1073 wahr
832 1023 918 1073 iſts,
945 1012 1019 1073 daß
1041 1020 1151 1071 Noth
1181 1017 1290 1071 lehret
1311 1017 1450 1068 betten,
1474 1012 1524 1064 ich
1548 1020 1624 1057 war

278 1080 417 1129 warlich
435 1076 500 1126 auf
507 1079 586 1120 dem
600 1068 858 1122 Suͤnden⸗und
858 1066 1117 1123 Hoͤllen⸗Meer
1141 1069 1190 1112 im
1200 1065 1447 1120 entſetzlichſten
1465 1063 1622 1114 Sturm,

280 1137 404 1173 wovon
429 1130 512 1175 auch
534 1129 596 1169 der
617 1126 692 1169 Leib
714 1127 750 1169 in
763 1119 994 1175 jaͤmmerliche
1016 1120 1237 1169 Unordnung
1270 1119 1342 1162 und
1371 1111 1623 1169 Unpaͤßlichkeit

280 1184 431 1228 gerieth:
457 1179 623 1227 Jedoch,
646 1179 767 1223 GOtt
790 1177 843 1226 ſey
859 1176 971 1218 davor
986 1172 1144 1224 gelobet,
1160 1173 1230 1221 daß
1251 1172 1313 1215 des
1337 1171 1484 1221 Nachts
1507 1168 1626 1219 beſſere

279 1213 388 1274 Ruhe
403 1222 526 1275 hatte,
552 1221 590 1265 in
609 1219 689 1262 dem
704 1219 757 1270 ich
772 1218 822 1261 im
843 1218 981 1263 Gebett
999 1208 1176 1268 ungeſtoͤrt
1191 1212 1359 1264 anhalten
1383 1214 1527 1262 konnte,
1551 1212 1624 1251 und

279 1281 366 1333 ſonſt
384 1281 499 1331 nichts
518 1278 645 1334 zuthun
662 1274 783 1328 hatte;
808 1277 897 1323 Der
919 1275 1044 1323 Odem
1060 1275 1124 1317 des
1137 1271 1276 1318 Gebets
1291 1271 1375 1322 hielt
1396 1269 1506 1314 meine
1523 1267 1630 1314 See⸗

281 1332 312 1373 le
328 1340 476 1381 empor,
501 1328 573 1372 und
596 1328 664 1379 gab
693 1324 762 1371 den
784 1323 1119 1378 Seelen⸗Feinden
1141 1322 1234 1372 nicht
1263 1323 1298 1372 ſo
1327 1321 1395 1364 viel
1420 1319 1567 1366 Raum;
1588 1323 1626 1359 es

265 1384 362 1430 muß
383 1385 460 1431 ſeyn
478 1383 548 1428 daß
572 1388 610 1425 es
632 1381 706 1426 eine
723 1379 884 1431 Flamme
898 1379 962 1423 des
981 1376 1147 1434 Heiligen
1165 1375 1302 1427 Geiſtes
1326 1373 1475 1423 geweſen
1500 1372 1570 1423 daß
1586 1373 1627 1422 ſie

282 1431 400 1480 zuruͤck
434 1432 595 1479 gehalten
615 1428 781 1479 wurden,
813 1427 883 1478 daß
905 1426 947 1478 ſie
969 1425 1061 1474 nicht
1088 1424 1122 1475 ſo
1147 1421 1264 1474 freyen
1282 1420 1421 1471 Muths
1448 1418 1515 1468 auf
1537 1419 1627 1464 mein

282 1486 401 1524 armes
415 1479 517 1527 Hertz
530 1485 697 1527 zurennen
705 1475 874 1520 konnten;
890 1476 923 1523 ſo
944 1473 1027 1515 bald
1043 1472 1126 1515 aber
1141 1471 1204 1513 des
1224 1471 1326 1518 Tags
1335 1470 1414 1508 was
1429 1467 1559 1509 anders
1576 1476 1629 1516 zu⸗

281 1529 370 1579 thun
395 1527 494 1577 hatte
527 1520 635 1577 wegen
660 1522 794 1570 meines
817 1525 998 1573 Beruffs,
1024 1527 1064 1562 es
1094 1517 1229 1576 moͤchte
1249 1520 1283 1569 ſo
1306 1515 1371 1566 gut
1396 1511 1473 1566 ſeyn
1493 1515 1561 1559 als
1589 1521 1629 1558 es

282 1580 421 1622 wollte:
446 1574 570 1627 Siehe
587 1576 635 1619 da
653 1570 763 1619 ward
771 1574 882 1616 meine
899 1563 1019 1618 Seele
1037 1569 1094 1612 als
1116 1569 1153 1610 in
1159 1567 1282 1611 lauter
1294 1565 1407 1615 Angſt
1423 1566 1495 1611 und
1518 1565 1630 1610 Jam⸗

284 1642 359 1675 mer
373 1627 575 1681 begraben;
600 1627 713 1676 Dieſe
737 1624 972 1676 Feldſchlacht
998 1625 1072 1668 und
1098 1620 1458 1670 Sturm⸗Gewitter
1475 1610 1632 1668 waͤhrete

283 1683 367 1729 drey
389 1681 469 1733 Tag
486 1681 559 1726 und
582 1680 667 1732 drey
691 1676 839 1730 Naͤcht,
870 1675 944 1721 und
960 1673 1146 1725 mahneten
1168 1671 1254 1725 mich
1279 1670 1336 1715 die
1355 1668 1635 1720 bangmachende

286 1736 423 1785 Geiſter
439 1745 491 1779 an
504 1734 560 1778 die
580 1734 762 1784 Lucerner,
790 1728 825 1781 ſo
847 1725 950 1781 lange
966 1727 1034 1772 das
1056 1722 1214 1780 Geſchuͤtz
1238 1723 1406 1778 feuerete,
1432 1722 1584 1773 dorfften
1594 1724 1637 1773 ſie

287 1792 325 1828 es
348 1780 440 1836 nicht
460 1792 584 1832 wagen
604 1778 854 1835 anzugreiffen,
880 1779 915 1831 ſo
933 1777 1015 1823 bald
1034 1777 1117 1822 aber
1136 1776 1203 1821 das
1225 1771 1398 1826 nachließ,
1426 1771 1485 1822 lag
1501 1771 1551 1820 ich
1573 1781 1636 1816 un⸗

287 1846 341 1879 ter
361 1840 465 1887 ihren
482 1837 731 1882 Mordkeulen.
782 1832 972 1889 Nachdem
991 1836 1029 1874 es
1045 1829 1173 1884 vorbey
1191 1836 1269 1873 war,
1323 1826 1488 1879 leuchtete
1500 1825 1566 1868 mir
1575 1825 1637 1870 der

288 1885 444 1936 Spruch
453 1875 546 1934 Eſai
566 1897 603 1934 9,
630 1886 666 1926 6.
677 1881 757 1928 mit
771 1877 1108 1929 unbeſchreiblichem
1128 1876 1235 1929 ſuͤſſen
1253 1873 1378 1926 Glantz
1397 1872 1489 1917 mein
1499 1870 1639 1924 Jnner⸗

288 1938 366 1982 ſtes.
418 1941 513 1983 Nun
537 1937 620 1984 muß
632 1937 724 1980 mich
751 1936 913 1980 GOttes
933 1932 1048 1977 Gnad
1065 1928 1132 1981 auf
1138 1930 1194 1973 ein
1211 1920 1355 1981 friſchen
1368 1926 1516 1974 Sturm
1532 1923 1640 1976 verſe⸗

289 1988 378 2039 hen,
403 1989 477 2037 hier
501 1987 597 2037 gibts
626 1986 700 2030 kein
730 1979 1107 2035 Winter⸗Quartier,
1149 1980 1222 2024 kein
1247 1973 1640 2033 Waffen⸗Stillſtand.

291 2039 363 2084 So
377 2040 445 2083 viel
466 2043 531 2082 aus
546 2036 609 2081 des
628 2028 914 2083 Koͤnigs⸗Laͤger,
933 2032 969 2082 ſo
982 2033 1047 2074 der
1054 2030 1163 2081 groſſe
1178 2028 1329 2079 Jehova
1348 2038 1386 2077 zu
1402 2028 1453 2069 N.
1473 2027 1559 2077 hat;
1584 2025 1639 2070 Es

291 2088 376 2136 liegt
401 2098 460 2133 am
485 2083 844 2135 Lauteren⸗Strohm
871 2083 933 2125 der
954 2081 1084 2130 ewigen
1106 2076 1447 2130 Barmhertzigkeit,
1474 2077 1508 2126 ſo
1532 2073 1641 2126 Hoͤll,

291 2137 399 2186 Fluch
417 2134 488 2182 und
500 2136 717 2183 Verderben
737 2130 948 2185 abſchneidet
967 2131 1038 2174 nnd
1062 2131 1130 2174 das
1146 2122 1407 2178 Hinuͤberſetzen
1427 2128 1640 2182 verwehret;

290 2190 327 2236 ja
354 2192 392 2227 es
413 2183 452 2235 iſt
472 2189 540 2231 das
563 2180 672 2237 Laͤger
689 2181 859 2236 Jſraels,
889 2180 923 2231 ſo
952 2190 1010 2223 am
1036 2179 1161 2231 rothen
1188 2178 1298 2223 Meer
1327 2179 1389 2219 des
1421 2177 1458 2218 in
1480 2177 1642 2225 innigſter

292 2235 389 2282 Liebe
421 2236 636 2284 vergoſſenen
662 2233 784 2281 Bluts
813 2231 879 2275 des
904 2230 1043 2276 Lamms
1074 2226 1181 2278 liegt,
1214 2226 1260 2269 da
1291 2226 1346 2268 die
1371 2226 1528 2274 Egypter
1550 2230 1640 2271 zwar

293 2285 393 2336 wohl
410 2283 612 2332 erſchrecken
636 2286 708 2327 und
726 2280 823 2331 angſt
850 2287 961 2329 genug
986 2277 1128 2330 machen
1152 2275 1307 2327 koͤnnen,
1333 2281 1417 2319 aber
1441 2280 1506 2318 mit
1530 2279 1639 2317 Mor⸗

292 2341 359 2383 den
377 2338 448 2381 und
465 2334 681 2385 Umbringen
694 2332 917 2387 Hallelujah!
942 2332 1079 2378 Amen!
1104 2330 1231 2375 Amen.

962 2485 1083 2535 Xxx

1508 2466 1585 2527 O!
1585 2466 1646 2527 es
