1276 2091
206 218 306 261 Zeus,
322 218 385 257 den
396 223 434 257 es
454 218 530 264 ſehr
553 219 710 268 verdros/

206 264 284 316 Die
308 263 476 322 ſpoͤttliche
494 271 722 318 Verachtung
732 269 844 328 ſeiner
870 274 998 328 Gaben/

207 324 285 365 Ließ
297 325 374 368 das
385 318 734 375 Erwehlungs⸗Looß

202 367 299 415 Auff
310 374 378 412 eine
396 368 477 417 boͤſe
489 366 673 421 Schlange
691 373 800 422 fallen.

206 414 393 467 Wohlan/
412 419 523 467 ſprach
527 419 588 470 er/
608 422 656 470 ihr
666 422 725 471 ſolt
735 432 803 461 nun
813 428 903 464 einen
912 418 1026 471 Koͤnig

491 474 622 519 haben/

197 507 291 551 Der
300 507 376 556 euch
387 513 721 558 gerecht
524 520 582 563 und
600 519 721 558 ſcharff
728 531 836 569 genug
849 528 931 573 wird
950 525 1028 572 ſeyn

204 563 278 607 Laſt
289 566 364 608 euch
376 570 440 606 das
452 566 650 619 Regiment/
659 575 711 607 ins
723 569 876 616 kuͤnfftige
887 579 1028 614 gefallen

194 619 327 669 Was
345 610 456 667 Zeus
475 613 636 683 geſagt/
665 624 770 673 trifft
788 629 918 680 allzeit
944 631 1008 669 ein

205 673 283 716 Die
293 675 460 722 niemahls
473 674 707 727 Satt⸗balg/
724 684 772 714 der
778 687 1025 723 neuerwehlten

511 737 663 779 Natter/

197 769 420 822 Verſchlung
448 766 507 826 den
518 778 650 820 gantzen
666 775 816 829 Hauff/
831 780 880 819 ihr
893 777 1028 824 gantzes

472 827 569 876 Hab
588 835 655 870 und
666 832 746 874 Gut

216 867 410 910 Vermochte
431 861 686 919 nimmermehr/
703 877 763 902 den
775 875 939 913 Abgrund
953 902 1021 933 aus

480 927 642 980 zufuͤllen/

204 970 289 1016 Kein
306 969 435 1020 Tuͤrck/
451 974 518 1015 kein
535 973 879 1021 Todt⸗verſchworen
890 993 1030 1035 Tatter/

203 1020 374 1074 Vergoß/
386 1026 417 1073 ſo
431 1028 535 1067 vieles
549 1030 630 1068 edles
643 1029 764 1079 Blut/

205 1073 307 1121 Doch
314 1069 391 1126 kont
413 1077 555 1123 es|ihres
564 1079 678 1123 Herrn
693 1084 894 1125 verfluchten
906 1084 1024 1128 Durſt

454 1134 559 1179 nicht
575 1137 692 1182 ſtillen/

205 1146 307 1199 Wie
328 1160 543 1204 wuͤnſch'te
562 1176 802 1235 jederman/
816 1178 896 1233 daß
906 1191 953 1230 er
964 1191 1022 1233 an

463 1226 594 1293 deſſen
602 1237 755 1288 Staͤtte

203 1292 306 1340 Den
322 1290 502 1348 Balcken
518 1294 667 1339 wieder
684 1293 819 1353 haͤtte/

199 1346 456 1399 Unbeſonnene
487 1337 668 1408 Pohlen/
696 1349 894 1402 Veraͤchter
920 1360 1031 1396 eures

202 1399 380 1454 Gluͤcks/
387 1393 546 1452 Moͤrder
560 1414 642 1453 euer
664 1404 798 1462 ſelbſt/
803 1416 859 1449 wo
876 1408 954 1457 ſeyd
969 1412 1025 1459 ihr

202 1457 264 1507 hin
281 1456 508 1515 verfallen/
524 1466 624 1510 gegen
640 1464 742 1501 einen
760 1464 1025 1512 rechtmaͤßigen

201 1514 437 1567 Erwehlten/
447 1518 511 1559 mit
529 1519 602 1564 Eid
613 1516 885 1574 bekraͤfftigten/
882 1525 954 1557 von
963 1533 1027 1561 eu⸗

200 1565 482 1627 rerGeiſtligkeit
490 1573 638 1625 gekroͤnt
648 1576 723 1620 und
732 1576 1025 1629 geſalbten/wohl

189 1627 462 1680 regierenden/
466 1629 528 1680 vor
547 1643 630 1675 eure
643 1628 863 1686 Wohlfahrt
881 1634 932 1677 all
954 1636 1027 1677 das

201 1686 361 1738 Seinige
388 1688 587 1735 wagenden
608 1689 684 1730 und
704 1685 927 1738 anſetzenden
949 1693 1030 1733 Koͤ⸗

199 1740 278 1799 nig/
288 1742 356 1789 den
372 1731 597 1799 ſchuldigſten
615 1742 927 1799 unterthaͤnigſten
946 1750 1029 1786 Re-
