1770 2675
415 364 512 403 410

586 349 690 404 Von
690 349 774 404 der
774 349 997 404 Baukunſt
997 349 1076 404 der
1076 349 1291 404 Griechen.

420 447 493 486 aber
517 446 593 498 noch
617 448 683 486 kein
710 443 854 499 Zeugniß
880 444 1055 493 gefunden,
1078 443 1223 494 wodurch
1240 447 1299 484 das
1321 439 1469 494 beſtaͤtigt

418 502 537 543 wuͤrde.

532 577 568 612 7.
596 572 748 605 Marmor
764 568 932 612 auguſtum
949 569 1012 604 und
1029 568 1193 610 tiberium,
1218 566 1277 601 das
1294 571 1387 603 unter
1396 568 1469 603 dem

419 621 569 674 Auguſt
583 629 647 662 und
667 621 847 664 Tiberius
870 623 902 659 in
926 620 1090 666 Aegypten
1106 621 1240 659 entdeckt
1262 626 1382 664 wurde,
1398 628 1471 664 war

420 675 495 722 auch
506 674 635 720 gefleckt,
649 674 720 711 aber
737 671 820 718 nicht
838 674 900 718 auf
912 672 1042 716 einerley
1057 673 1131 710 Art.
1157 671 1232 716 Bey
1239 671 1341 718 jenem
1359 669 1470 717 hatten

419 723 467 758 die
481 720 606 768 Flecken
624 723 683 759 viel
699 720 887 766 Aenlichkeit
904 719 965 754 mit
987 718 1088 755 einem
1099 706 1244 769 Waſſer,
1275 719 1334 754 das
1357 716 1413 763 ſich
1435 715 1469 754 in

422 776 510 813 einen
535 775 664 813 Wirbel
688 772 966 821 zuſammendreht.
1048 771 1124 818 Bey
1154 770 1263 820 dieſem
1285 780 1394 809 waren
1421 770 1469 808 die

422 836 546 873 grauen
561 827 685 873 Flecken
701 825 788 873 mehr
804 826 948 873 zerſtreut
963 829 1010 871 D.

526 924 559 958 8.
586 916 785 961 Memphites
804 918 911 952 wurde
932 915 987 961 bey
1011 912 1185 963 Memphis
1209 911 1379 962 gefunden,
1404 914 1472 950 und

424 979 495 1007 war
520 968 581 1008 mit
602 972 672 1008 dem
696 966 885 1019 aſchgrauen
900 965 1070 1018 Ophites
1093 973 1158 1004 von
1177 964 1306 1014 gleicher
1321 965 1472 1016 Beſchaf⸗

420 1022 549 1075 fenheit.

539 1083 573 1110 9.
589 1081 744 1114 Syenites
766 1076 852 1113 hatte
882 1074 985 1116 ſeinen
1007 1065 1143 1105 Namen
1158 1082 1222 1103 von
1244 1072 1384 1114 Syene,
1409 1075 1470 1102 das

427 1152 468 1180 an
485 1144 543 1181 den
563 1140 713 1189 Graͤnzen
730 1139 913 1186 Aegyptens
930 1144 992 1179 und
1009 1138 1214 1186 Aethiopiens
1229 1139 1291 1185 lag.
1335 1138 1395 1177 Er
1403 1145 1474 1176 war

425 1196 502 1244 nach
527 1193 649 1246 Plinii
673 1193 907 1243 Beſchreibung
930 1192 1011 1237 weiß
1034 1195 1099 1228 und
1122 1192 1318 1238 purpurroth
1339 1190 1473 1238 gefleckt,

424 1245 489 1279 und
511 1243 598 1281 hatte
624 1245 686 1287 da,
707 1250 759 1277 wo
792 1240 882 1285 beyde
913 1239 1040 1289 Farben
1063 1238 1096 1277 in
1117 1240 1268 1278 einander
1289 1239 1405 1285 liefen,
1420 1238 1473 1275 ein

423 1285 621 1344 feuerrothes
635 1291 773 1342 Anſehn.
823 1282 942 1342 Daher
965 1292 1045 1329 wird
1069 1301 1102 1329 er
1125 1289 1203 1336 auch
1220 1286 1472 1338 πυϱϱοποίϰιλος

424 1355 568 1393 genennt.
621 1348 672 1387 Er
689 1348 757 1396 hieß
772 1346 925 1395 ebenfalls
940 1357 976 1393 zu
992 1344 1110 1396 Plinii
1127 1343 1237 1394 Zeiten
1248 1339 1474 1394 Paſronion,

424 1406 489 1437 von
508 1395 602 1446 ψαϱ,
628 1401 677 1436 ein
694 1397 824 1446 Stahr,
848 1398 919 1435 weil
940 1409 973 1436 er
996 1396 1077 1441 weiß
1098 1392 1164 1435 und
1182 1395 1330 1447 aſchgrau
1353 1395 1474 1442 gefleckt

424 1459 505 1495 war,
533 1449 591 1487 wie
607 1449 699 1499 dieſer
715 1448 825 1494 Vogel
837 1447 997 1486 bisweilen
1015 1448 1162 1495 ausſieht.
1214 1446 1273 1496 Jſt
1288 1447 1353 1484 dies
1370 1442 1518 1491 wahr,

424 1498 454 1547 ſo
469 1495 550 1544 muß
567 1507 599 1534 er
616 1502 732 1535 anders
749 1495 915 1543 gezeichnet
927 1494 1062 1544 geweſen
1075 1494 1157 1544 ſeyn,
1192 1495 1241 1533 als
1269 1499 1323 1533 der
1346 1494 1474 1542 vorher⸗

426 1550 573 1598 gehende.
625 1550 827 1600 Ueberhaupt
844 1550 926 1599 finde
943 1548 1018 1596 ichs,
1047 1549 1074 1595 je
1090 1550 1196 1587 weiter
1212 1550 1257 1597 ich
1272 1550 1352 1596 mich
1367 1549 1394 1586 in
1408 1548 1477 1592 die⸗

426 1605 454 1654 ſe
469 1602 706 1651 Unterſuchung
721 1601 853 1650 einlaſſe,
881 1602 994 1640 immer
1010 1598 1167 1649 ſchwerer,
1192 1598 1238 1640 die
1247 1601 1367 1640 bunten
1375 1599 1478 1639 Mar⸗

427 1660 590 1691 morarten
601 1656 657 1693 der
672 1653 782 1700 Alten,
808 1652 855 1691 die
880 1652 911 1704 ſo
934 1652 1077 1698 vielerley
1093 1650 1310 1701 Miſchungen
1326 1653 1381 1687 der
1394 1645 1502 1698 Far⸗

427 1708 486 1745 ben
511 1706 639 1755 hatten,
669 1713 750 1751 ganz
775 1712 879 1749 genau
899 1715 935 1751 zu
958 1704 1152 1752 beſtimmen.
1221 1705 1294 1741 Und
1316 1701 1478 1750 Plinius

426 1756 496 1807 ſagt
508 1759 604 1807 daher
617 1760 681 1797 mit
694 1753 812 1806 Recht,
838 1757 877 1794 ob
892 1767 925 1794 er
937 1756 1032 1804 gleich
1052 1757 1099 1794 die
1116 1756 1243 1803 meiſten
1264 1756 1357 1804 dieſer
1373 1755 1475 1795 Mar⸗

426 1811 589 1841 morarten
610 1805 738 1841 kannte:
766 1805 974 1839 verſicolores
990 1802 1119 1846 quidem
1137 1802 1290 1840 maculas,
1317 1808 1349 1835 et
1368 1800 1401 1836 in
1426 1806 1476 1836 to-

425 1865 498 1890 tum
527 1864 728 1890 marmorum
768 1861 955 1898 apparatum
990 1854 1173 1889 Menander
1215 1850 1319 1888 etiam
1343 1850 1476 1898 diligen-

427 1907 566 1947 tiſſimus
583 1910 731 1943 luxuriae
757 1909 914 1953 interpres
936 1907 1060 1952 primus
1082 1914 1113 1941 et
1133 1915 1206 1941 raro
1228 1906 1331 1953 attigit
1353 1904 1395 1954 r).
1423 1922 1475 1933 —

426 1967 501 2001 Nec
510 1963 606 1999 facile
627 1963 681 2001 eſt,
704 1958 779 2008 fuͤgt
800 1972 833 1998 er
854 1962 925 1998 bald
947 1959 1079 2007 nachher
1092 1957 1137 1997 C.
1162 1968 1195 2001 7.
1215 1952 1317 2007 hinzu,
1343 1968 1475 1992 enume-

427 2024 499 2048 rare
555 2020 755 2046 (marmorum
785 2020 903 2057 genera
934 2017 967 2046 et
993 2006 1143 2055 colores)
1172 2008 1208 2045 in
1223 2016 1323 2054 tanta
1354 2008 1476 2045 multi—

427 2068 551 2105 tudine.

1269 2141 1479 2189 Wenn

472 2249 506 2289 q)
529 2248 652 2289 Plinius
671 2247 692 2280 1.
710 2246 759 2286 36.
775 2254 802 2278 c.
820 2254 852 2286 7.

473 2318 504 2358 r)
525 2314 601 2349 Hiſt.
616 2315 656 2348 N.
671 2313 693 2347 1.
713 2314 761 2353 36.
778 2321 804 2346 c.
822 2315 851 2346 6.
