1976 2985
152 485 213 511 men
224 480 286 512 brot
303 481 349 513 und
366 485 446 517 wein,
460 477 529 518 dazu
544 475 612 520 auch
627 476 732 518 viertzig
750 475 787 517 ſe⸗

153 525 192 559 kel
208 524 321 564 ſilbers;
336 522 402 562 auch
417 515 504 562 hatten
516 521 572 565 ihre
589 515 679 562 knaben
692 520 734 555 mit
747 528 787 562 ge⸗

152 566 356 610 waltgefahren
365 559 431 602 uͤber
439 568 490 601 das
498 566 585 610 volck.
591 559 636 613 Jch
649 565 709 607 thaͤt
719 567 786 601 aber

153 603 224 660 nicht
239 604 311 655 alſo,
316 622 362 647 um
372 613 418 647 der
430 602 525 657 furcht
539 603 633 653 GOttes
644 600 740 652 willen.

200 661 239 689 16.
262 655 340 697 Auch
357 655 486 691 arbeitete
502 656 540 695 ich
556 664 592 691 an
611 656 656 692 der
669 661 785 688 mauren

154 701 259 736 arbeit;
282 692 329 735 und
344 700 435 741 kaufte
449 691 536 742 keinen
552 695 637 743 acker;
671 697 722 742 und
727 701 786 733 alle

152 750 239 777 meine
254 747 352 784 knaben
361 747 471 790 muſſten
481 746 593 793 daſelbſt
602 755 636 783 an
647 746 687 782 die
696 747 784 782 arbeit

151 799 184 833 zu
201 791 284 835 haufe
303 792 435 828 kommen.

198 846 238 874 17.
258 834 338 877 Dazu
348 843 440 870 waren
457 837 503 872 der
520 835 616 881 Juͤden
633 835 688 871 und
705 836 783 870 ober⸗

152 883 205 924 ſten
214 881 329 926 hundert
340 882 392 916 und
408 880 512 924 funftzig
523 888 557 915 an
567 886 682 915 meinem
694 879 783 922 tiſche,

153 928 198 963 die
209 937 238 972 zu
248 936 300 964 mit
316 928 439 963 kommen
448 936 541 965 waren
548 927 603 971 auß
610 926 660 963 den
666 919 784 971 heyden,

156 974 199 1011 die
213 984 258 1009 um
272 977 326 1011 uns
327 969 388 1020 her
383 971 455 1017 ſind.

200 1025 239 1059 18.
253 1020 314 1056 Und
327 1028 389 1055 man
405 1019 521 1066 machete
529 1021 582 1055 mir
590 1020 637 1057 des
651 1020 731 1062 tages
749 1020 785 1053 ei⸗

154 1076 206 1103 nen
214 1067 316 1111 ochſen,
324 1069 378 1103 und
387 1067 459 1113 ſechs
469 1066 601 1111 erwaͤhlte
610 1065 731 1112 ſchaafe,
736 1062 782 1107 und

153 1111 247 1153 voͤgel,
258 1112 311 1146 und
323 1119 357 1153 ja
372 1112 505 1151 inwendig
520 1111 599 1161 zehen
616 1113 698 1153 tagen
707 1112 785 1145 aller⸗

153 1155 199 1198 ley
209 1165 276 1191 wein
285 1157 325 1190 die
351 1163 441 1197 menge.
441 1150 534 1200 Noch
540 1155 660 1189 forderte
669 1154 706 1197 ich
714 1153 785 1197 nicht

153 1201 203 1235 der
219 1199 387 1241 landpfleger
408 1200 474 1239 koſt,
494 1200 561 1233 denn
573 1200 619 1234 der
633 1198 712 1241 dienſt
726 1204 786 1231 war

153 1243 252 1288 ſchwer
266 1245 315 1283 auf
331 1246 390 1278 dem
402 1245 503 1280 volcke.

200 1296 238 1326 19.
243 1284 382 1326 Bedencke
400 1293 455 1325 mir,
472 1279 529 1325 mein
537 1283 628 1326 GOtt,
641 1282 684 1330 zum
703 1284 789 1325 beſten

154 1335 236 1377 alles,
245 1334 297 1369 das
305 1333 343 1373 ich
352 1334 446 1373 dieſem
454 1334 544 1370 volcke
554 1333 655 1377 gethan
663 1333 746 1378 habe.

339 1379 416 1420 Das
433 1382 459 1418 6.
476 1383 615 1424 Capitel.

181 1426 298 1455 Nehemia
317 1425 397 1450 treibet
415 1426 479 1453 durch
492 1427 551 1452 ſeine
569 1423 731 1456 vorſichtigkeit
752 1423 786 1449 die

153 1452 307 1482 hinderniſſen
323 1458 358 1477 am
373 1451 441 1481 werck
452 1451 550 1479 zuruͤcke.

152 1491 183 1523 1.
175 1488 230 1567 U

230 1486 284 1524 Nd
298 1490 334 1526 da
343 1490 530 1532 Saneballat,
543 1488 639 1524 Tobia
656 1489 709 1526 und
726 1488 789 1527 Go⸗

230 1531 305 1581 ſem
320 1535 365 1570 der
376 1533 500 1576 Araber,
517 1533 571 1569 und
585 1532 685 1569 andere
696 1533 789 1576 unſere

149 1567 241 1619 feinde
260 1574 403 1621 erfuhren,
426 1577 481 1619 daß
494 1576 533 1622 ich
546 1574 588 1613 die
609 1582 724 1612 mauren
742 1582 787 1616 ge⸗

154 1627 239 1662 bauet
252 1625 349 1670 hatte,
359 1628 413 1661 und
428 1627 501 1664 keine
511 1620 584 1666 luͤcke
602 1625 684 1669 mehr
698 1626 787 1662 daran

153 1671 248 1709 waͤre;
270 1671 395 1713 (wiewol
408 1670 448 1716 ich
458 1671 499 1706 die
513 1670 613 1716 thuͤren
629 1679 660 1710 zu
674 1671 722 1705 der
737 1671 788 1713 zeit

154 1712 228 1762 noch,
241 1711 309 1761 nicht
314 1716 448 1760 gehaͤnget
457 1719 533 1759 hatte
542 1719 570 1753 in
578 1717 627 1753 den
634 1718 756 1758 thoren.)

198 1774 223 1796 2.
242 1761 352 1798 Sandte
370 1754 542 1799 Saneballat
558 1756 614 1798 und
633 1751 735 1805 Goſem
755 1768 786 1803 zu

154 1805 229 1847 mir,
242 1806 296 1843 und
310 1806 401 1850 lieſſen
415 1813 469 1841 mir
480 1804 576 1848 ſagen:
598 1803 717 1845 Komm,
734 1806 786 1841 und

154 1846 207 1892 laß
217 1851 271 1885 uns
279 1849 432 1893 zuſammen
439 1847 562 1885 kommen
569 1849 597 1885 in
606 1849 654 1885 den
663 1848 786 1891 doͤrfern,

155 1898 184 1935 in
196 1899 242 1936 der
258 1897 343 1942 flaͤche
357 1898 434 1938 Ono.
474 1897 557 1939 *Sie
575 1895 722 1939 gedachten
733 1897 787 1933 mir

155 1944 222 1979 aber
230 1945 305 1982 boͤſes
312 1953 343 1984 zu
354 1940 460 1986 thun.
551 1940 688 1977 *1Moſ.
698 1952 785 1985 50,20.

200 1996 224 2022 3.
237 1983 293 2031 Jch
309 1987 377 2020 aber
390 1986 484 2028 ſandte
496 1986 582 2026 boten
590 1985 622 2031 zu
628 1984 721 2027 ihnen,
732 1985 788 2020 und

155 2027 213 2073 ließ
225 2032 305 2065 ihnen
318 2028 416 2070 ſagen:
437 2024 495 2072 Jch
510 2028 583 2071 habe
600 2027 643 2062 ein
659 2028 731 2071 groß
742 2034 788 2068 ge⸗

155 2070 263 2119 ſchaͤffte
279 2076 489 2122 außzurichten,
504 2077 544 2119 ich
557 2077 607 2112 kan
617 2077 689 2121 nicht
700 2079 786 2114 hinab

154 2108 295 2152 kommen;
320 2119 350 2152 es
372 2118 462 2157 moͤgte
483 2115 536 2151 das
555 2114 637 2150 werck
648 2110 787 2160 nachblei⸗

154 2163 223 2209 ben,
233 2175 277 2202 wo
287 2165 327 2211 ich
340 2165 383 2201 die
388 2166 464 2210 hand
474 2162 599 2210 abthaͤte,
614 2164 667 2200 und
681 2172 711 2206 zu
722 2157 785 2207 euch

155 2205 243 2248 hinab
258 2209 330 2252 zoͤge.

198 2261 230 2288 4.
244 2253 299 2289 Sie
313 2253 423 2297 ſandten
429 2254 494 2289 aber
504 2252 560 2288 wol
568 2250 686 2288 viermal
696 2258 726 2293 zu
734 2249 787 2285 mir

156 2303 206 2338 auf
220 2303 287 2343 dieſe
296 2302 400 2345 weyſe;
421 2301 477 2337 und
486 2301 525 2346 ich
534 2305 697 2338 antwortete
705 2297 787 2344 ihnen

157 2342 199 2388 auf
195 2346 280 2387 dieſe
295 2346 391 2388 weyſe.

198 2398 224 2426 5.
247 2390 296 2425 Da
308 2390 400 2432 ſandte
413 2390 585 2426 Saneballat
604 2396 664 2431 zum
683 2387 787 2431 fuͤnften

155 2432 213 2467 mal
223 2443 253 2476 zu
261 2434 315 2470 mir
323 2433 410 2476 ſeinen
420 2433 522 2470 knaben
531 2433 582 2469 mit
590 2433 676 2469 einem
684 2430 788 2475 offenen

156 2476 242 2519 briefe
249 2479 276 2514 in
285 2478 366 2523 ſeiner
379 2477 469 2521 hand,

200 2531 228 2560 6.
242 2526 385 2563 Darinnen
403 2535 463 2562 war
483 2525 664 2572 geſchrieben:
696 2527 742 2563 Es
756 2528 787 2570 iſt

154 2571 207 2612 vor
222 2568 263 2603 die
272 2570 376 2616 heyden
387 2568 526 2611 kommen,
544 2569 595 2602 und
614 2566 704 2612 Goſem
724 2563 788 2610 hats

154 2615 264 2658 geſagt,
282 2616 338 2660 daß
351 2618 386 2651 du
399 2618 455 2656 und
473 2617 515 2651 die
532 2615 630 2660 Juͤden
650 2615 788 2659 gedencket

156 2658 325 2700 abzufaſſen;
347 2659 447 2693 darum
455 2660 490 2693 du
500 2660 542 2692 die
557 2665 669 2695 mauren
683 2658 789 2696 baueſt;

154 2706 208 2741 und
222 2709 258 2743 du
277 2706 377 2750 wolleſt
391 2706 436 2751 ihr
449 2706 527 2749 koͤnig
538 2704 600 2750 ſeyn
612 2704 639 2745 in
654 2704 736 2751 dieſen
751 2706 790 2755 ſa⸗

155 2747 228 2791 chen.

861 491 887 514 7.
908 478 970 513 Und
985 478 1019 513 du
1030 479 1123 519 habeſt
1139 479 1180 512 die
1192 477 1340 517 propheten
1358 478 1449 519 beſtel⸗

818 521 874 562 let,
891 517 930 555 d.
944 528 1000 556 von
1016 521 1058 555 dir
1070 519 1248 563 außſchreyen
1259 512 1341 560 ſollen
1354 529 1381 559 zu
1391 519 1449 558 Je⸗

815 567 957 607 ruſal m,
970 566 1021 600 und
1039 565 1135 607 ſagen:
1159 567 1202 602 Er
1212 568 1240 607 iſt
1250 569 1295 602 der
1303 567 1379 603 koͤnig
1387 565 1448 607 Ju⸗

817 609 861 644 da.
890 604 959 653 Nun
960 601 1070 655 ſolches
1083 609 1150 643 wird
1165 616 1216 644 vor
1228 608 1274 643 den
1288 608 1362 648 koͤnig
1380 600 1447 640 kom⸗

816 659 886 685 men.
932 651 976 688 So
996 650 1084 685 komm
1099 657 1173 690 nun,
1194 651 1247 684 und
1260 648 1309 693 laß
1326 640 1379 683 uns
1396 652 1446 685 mit

817 702 947 738 einander
962 703 1160 744 rathſchlagen.

860 751 886 785 8.
906 746 963 792 Jch
972 739 1037 781 aber
1046 737 1134 786 ſandte
1146 740 1178 786 zu
1184 746 1252 790 ihm,
1266 746 1310 783 und
1325 745 1380 787 ließ
1394 747 1448 789 ihm

816 791 911 835 ſagen:
935 788 1054 835 Solches
1063 782 1101 833 iſt
1115 785 1176 830 nicht
1190 788 1336 834 geſchehen,
1356 782 1418 825 das
1415 783 1454 829 du

813 834 913 877 ſageſt,
925 835 959 870 du
975 835 1034 879 haſt
1047 843 1077 870 es
1094 826 1158 880 auß
1165 836 1267 870 deinem
1279 832 1381 879 hertzen
1404 841 1449 869 er⸗

816 887 905 930 dacht.

857 939 887 969 9.
909 924 990 962 Denn
1006 927 1039 970 ſie
1048 928 1099 962 alle
1114 928 1214 962 wolten
1231 928 1283 961 uns
1301 923 1448 969 furchtſam

813 973 936 1018 machen,
948 974 1002 1010 und
1021 973 1182 1018 gedachten:
1217 973 1272 1010 Sie
1293 976 1385 1016 ſollten
1406 973 1447 1009 die

815 1022 889 1065 hand
905 1018 1012 1064 abthun
1029 1028 1092 1055 vom
1107 1018 1257 1063 geſchaͤffte,
1272 1020 1325 1063 daß
1335 1020 1367 1060 ſie
1376 1019 1447 1060 nicht

816 1066 947 1102 arbeiten.
992 1066 1073 1103 Aber
1088 1057 1127 1110 ich
1147 1057 1270 1109 ſtaͤrckete
1289 1065 1359 1109 deſto
1370 1056 1449 1107 mehr

816 1110 903 1147 meine
919 1110 1004 1152 hand.

860 1166 904 1189 10.
928 1156 988 1189 Und
997 1155 1036 1199 ich
1044 1155 1103 1191 kam
1116 1154 1161 1189 ins
1175 1155 1251 1198 haus
1261 1153 1390 1197 Semaja,
1401 1155 1450 1189 des

817 1200 915 1242 ſohnes
933 1199 1053 1242 Delaja,
1070 1202 1117 1234 des
1133 1199 1228 1242 ſohnes
1244 1199 1452 1244 Mehetabeel;

818 1234 872 1278 und
891 1250 919 1278 er
926 1241 1005 1285 hatte
1015 1241 1063 1286 ſich
1070 1240 1262 1284 verſchloſſen,
1277 1241 1330 1275 und
1340 1238 1451 1283 ſprach:

817 1286 881 1327 Laß
900 1290 952 1321 uns
981 1288 1132 1328 zuſammen
1159 1286 1282 1322 kommen
1301 1285 1338 1320 im
1365 1285 1451 1329 hauſe

817 1332 945 1375 GOttes,
959 1337 1057 1368 mitten
1071 1331 1109 1366 im
1120 1331 1231 1373 tempel,
1245 1331 1299 1366 und
1314 1331 1355 1366 die
1364 1324 1452 1375 thuͤre

819 1380 867 1414 des
882 1377 998 1420 tempels
1011 1378 1189 1423 zuſchlieſſen;
1214 1379 1280 1414 denn
1296 1379 1330 1421 ſie
1346 1378 1453 1413 werden

817 1424 938 1459 kommen
949 1420 1004 1466 dich
1014 1431 1044 1464 zu
1053 1420 1212 1464 erwuͤrgen;
1226 1421 1279 1456 und
1287 1422 1392 1458 werden
1400 1421 1453 1464 bey

817 1470 864 1505 der
879 1471 959 1510 nacht
969 1469 1104 1511 kommen,
1122 1470 1174 1511 daß
1190 1469 1224 1512 ſie
1233 1467 1288 1511 dich
1300 1466 1454 1510 erwuͤrgen.

860 1525 898 1549 II.
920 1513 977 1559 Jch
993 1514 1060 1550 aber
1073 1513 1181 1558 ſprach:
1193 1514 1278 1551 Solte
1294 1513 1335 1548 ein
1351 1503 1453 1557 ſolcher

816 1566 902 1594 mann
910 1552 1026 1604 fliehen?
1044 1551 1138 1600 Solte
1140 1558 1184 1593 ein
1199 1549 1294 1601 ſolcher
1317 1566 1395 1598 mann,
1409 1557 1454 1592 wie

817 1602 857 1652 ich
872 1604 928 1645 bin,
937 1604 964 1637 in
973 1602 1022 1638 den
1031 1602 1130 1642 tempel
1142 1594 1310 1646 gehen,
1254 1595 1302 1647 daß
1321 1610 1350 1637 er
1361 1603 1454 1638 leben⸗

818 1649 864 1692 dig
879 1648 985 1686 bleibe?
1008 1648 1064 1693 Jch
1074 1648 1123 1684 wil
1135 1635 1198 1692 nicht
1213 1645 1299 1693 hinein
1310 1648 1407 1691 gehen.

860 1708 903 1734 12.
914 1697 995 1733 Denn
1012 1695 1053 1737 ich
1071 1697 1216 1736 merckete,
1230 1697 1285 1738 daß
1305 1697 1351 1731 ihn
1365 1696 1454 1733 GOtt

820 1738 890 1783 nicht
912 1739 1019 1782 geſandt
1035 1740 1121 1782 hatte.
1168 1738 1249 1776 Denn
1262 1745 1290 1775 er
1308 1729 1383 1782 ſagte
1396 1737 1453 1780 wol

819 1783 981 1827 weiſſagung
993 1785 1042 1827 auf
1050 1784 1137 1830 mich;
1151 1787 1218 1821 aber
1228 1778 1326 1823 Tobia
1334 1773 1379 1825 und
1392 1786 1453 1823 Sa⸗

818 1833 939 1869 neballat
954 1831 1046 1874 hatten
1056 1829 1112 1876 ihm
1123 1830 1185 1874 geld
1192 1830 1317 1874 gegeben.

862 1887 899 1915 13.
921 1875 1031 1911 Darum
1048 1873 1132 1917 nahm
1145 1881 1173 1909 er
1186 1876 1265 1917 geld,
1282 1874 1333 1916 auf
1346 1874 1401 1917 daß
1411 1873 1453 1919 ich

819 1923 888 1967 mich
908 1921 1029 1967 fuͤrchten
1046 1923 1132 1965 ſolte,
1146 1924 1201 1958 und
1215 1922 1272 1963 alſo
1292 1921 1374 1966 thun,
1396 1922 1454 1956 und

817 1971 963 2011 ſuͤndigen,
979 1971 1034 2011 daß
1042 1972 1074 2010 ſie
1083 1970 1125 2005 ein
1140 1971 1201 2009 boͤſe
1208 1969 1334 2013 geſchrey
1345 1969 1454 2014 haͤtten,

820 2017 907 2053 damit
913 2011 947 2053 ſie
953 2015 1020 2056 mich
1034 2014 1135 2055 laͤſtern
1144 2015 1264 2054 moͤgten.

864 2064 907 2094 14.
913 2054 1081 2097 *Gedencke,
1096 2055 1167 2089 mein
1176 2055 1277 2097 GOtt,
1292 2055 1340 2090 des
1359 2054 1455 2092 Tobiaͤ

820 2103 874 2140 und
900 2101 1085 2140 Saneballat,
1107 2099 1172 2142 nach
1188 2099 1270 2140 dieſen
1283 2099 1371 2143 ſeinen
1385 2108 1455 2134 wer⸗

820 2148 894 2182 cken;
905 2144 971 2188 anch
977 2138 1000 2183 ⸸
1006 2146 1051 2178 der
1060 2144 1205 2187 prophetin
1213 2143 1359 2186 Noadja,
1352 2138 1394 2183 und
1407 2146 1455 2185 der

818 2190 921 2225 andern
931 2188 1089 2231 propheten,
1104 2190 1140 2223 die
1147 2188 1215 2233 mich
1224 2180 1323 2224 wolten
1334 2188 1455 2231 abſchre⸗

820 2236 889 2270 cken.
923 2224 955 2250 *
972 2232 1120 2277 Pſ.74,22,
1142 2242 1169 2271 [⸸
1180 2234 1254 2276 Stad.
1267 2240 1304 2262 des
1312 2236 1456 2273 propheten]

861 2284 899 2313 15.
910 2273 972 2316 Und
985 2276 1026 2310 die
1037 2282 1136 2311 mauer
1154 2275 1231 2310 ward
1246 2273 1327 2316 fertig
1338 2273 1377 2307 im
1390 2268 1456 2311 fuͤnf

820 2324 876 2359 und
898 2325 1078 2368 zwantzigſten
1098 2330 1161 2367 tage
1175 2324 1222 2359 des
1237 2326 1352 2361 monden
1368 2323 1456 2364 Elul,

821 2369 848 2405 in
859 2377 931 2412 zwey
940 2371 994 2404 und
1004 2369 1113 2412 fuͤnftzig
1126 2375 1217 2408 tagen.

865 2418 904 2447 16.
914 2404 989 2448 Und
998 2414 1032 2448 da
1047 2413 1099 2447 alle
1110 2412 1201 2454 unſere
1218 2410 1303 2450 feinde
1317 2411 1366 2446 das
1373 2411 1456 2457 hoͤre⸗

821 2466 875 2504 ten,
892 2459 1010 2503 furchten
1026 2460 1077 2503 ſich
1092 2462 1143 2494 alle
1158 2459 1272 2502 heyden,
1289 2458 1329 2493 die
1343 2468 1388 2493 um
1400 2461 1456 2496 uns

821 2505 871 2547 her
882 2494 987 2544 waren,
1000 2495 1059 2539 und
1059 2495 1111 2539 der
1126 2506 1140 2519 *
1153 2503 1230 2547 muth
1249 2501 1340 2545 entfiel
1356 2502 1455 2544 ihnen;

822 2554 890 2584 denn
901 2551 933 2593 ſie
942 2549 1097 2589 mercketen,
1110 2545 1153 2592 daß
1164 2549 1210 2593 diß
1220 2550 1300 2586 werck
1308 2558 1361 2583 von
1372 2549 1458 2586 GOtt

823 2592 894 2637 war.
1025 2600 1063 2629 *1
1076 2593 1254 2636 Moſ.42,28.
1268 2592 1376 2626 1Sam.
1380 2590 1418 2633 17,
1417 2597 1458 2632 32.

869 2650 907 2675 17.
922 2636 1003 2680 Auch
1019 2645 1048 2680 zu
1061 2636 1225 2678 derſelbigen
1237 2638 1285 2675 zeit
1296 2641 1390 2669 waren
1403 2634 1459 2679 viel

825 2687 872 2725 der
888 2678 1008 2730 oberſten
1017 2684 1112 2731 Juda,
1129 2688 1204 2721 derer
1221 2685 1302 2723 briefe
1317 2691 1415 2731 gingen
1429 2690 1459 2723 zu

822 2730 934 2773 Tobia,
948 2731 999 2765 und
1014 2736 1069 2764 von
1082 2729 1180 2764 Tobia
1191 2734 1223 2770 zu
1237 2726 1329 2770 ihnen.
