1491 2235
572 265 655 310 125

179 361 259 385 wenn
275 354 306 382 es
325 349 422 388 Jhnen
434 347 459 382 je
475 353 512 375 an
529 347 616 375 etwas
631 341 768 376 mangelt,
786 339 824 372 ich
845 339 890 368 der
904 339 975 372 Erſte
988 347 1048 372 und

180 404 294 444 Einzige
314 403 373 439 ſey,
391 410 426 431 an
441 403 491 431 den
505 398 561 430 Sie
575 396 624 433 ſich
640 389 806 430 freymuͤthig
826 393 945 424 wenden.

215 468 313 502 Eulal.
349 465 402 502 Jch
417 461 563 500 verſpreche
583 461 622 490 es.

218 529 324 561 Unbek.
361 526 420 558 Und
437 530 495 553 nun
512 518 574 555 darf
588 517 626 553 ich
641 514 803 555 wenigſtens
817 513 988 547 verlangen,
999 516 1055 544 daß

182 574 241 607 Sie
265 575 323 609 Jhr
348 570 514 607 Eigenthum
538 560 759 601 zuruͤcknehmen,
791 558 884 593 Jhren
908 555 1050 597 Schmuck.

185 635 230 664 (Er
243 632 310 663 reicht
324 631 361 662 ihr
373 629 415 656 das
431 619 665 660 Schmuckkaͤſtchen.)

218 687 317 722 Eulal.
337 688 398 722 (ſehr
410 687 512 718 bewegt,
529 683 602 714 oͤffnet
615 682 659 710 das
671 675 798 711 Kaͤſtchen,
816 678 866 703 und
879 677 927 705 ihre
940 676 1052 707 Thraͤnen

188 745 275 780 ſtuͤrzen
291 743 392 780 darauf)
411 739 480 774 Ach!
499 741 531 768 da
545 734 655 773 ſchwebt
669 736 698 762 es
712 739 759 762 vor
773 728 875 762 meiner
887 727 990 765 Seele,
1001 731 1054 761 das

189 796 249 832 ſuͤße
264 794 332 826 Bild
346 792 422 827 jenes
437 785 548 824 ſchoͤnen
562 785 692 820 Abends,
710 790 744 812 an
760 781 874 815 welchen
882 776 941 812 Sie
945 784 993 811 mir
1005 784 1061 812 die⸗

187 851 232 885 ſen
246 844 378 884 Schmuck
389 842 531 881 ſchenkten.
565 840 611 873 An
626 835 713 874 jenem
727 834 820 868 Abend
835 832 903 871 legte
911 831 982 862 mein
991 837 1056 865 alter

187 897 282 930 Vater
298 896 376 932 unſre
389 890 531 931 Haͤnde
500 891 534 932 in
544 889 688 924 einander,
712 899 767 925 und
783 895 844 926 froh
858 895 946 926 ſprach
961 894 994 922 ich
1007 887 1063 920 ihn

192 940 262 984 aus,
276 941 330 978 den
346 945 469 980 Schwur
480 934 580 976 ewiger
592 938 684 971 Treue
701 951 735 959 —
754 935 794 967 Er
810 935 841 970 iſt
853 935 1016 971 gebrochen!
1027 952 1063 968 —

193 998 315 1033 Damals
335 997 406 1031 hatt'
429 995 467 1033 ich
490 994 534 1024 ein
554 989 662 1029 reines,
685 986 841 1025 ſchuldloſes
859 983 934 1022 Herz
951 995 987 1005 —
1005 998 1065 1021 ach!

195 1058 253 1090 dies
268 1054 373 1094 Gefuͤhl
387 1052 463 1089 kauft
477 1050 550 1082 keine
567 1046 643 1080 Reue
657 1044 762 1084 zuruͤck!
780 1059 815 1067 —
832 1040 904 1075 Dies
919 1041 1066 1079 Halsband

197 1093 332 1145 ſchenkten
344 1102 400 1135 Sie
414 1100 467 1131 mir
480 1085 529 1127 vor
544 1083 619 1130 fuͤnf
635 1090 731 1129 Jahren
744 1079 791 1121 an
801 1087 915 1120 meinem
932 1090 1065 1124 Geburts⸗

191 1157 270 1197 tage.
288 1151 361 1190 Das
376 1166 433 1187 war
451 1153 495 1184 ein
509 1149 659 1191 gluͤcklicher
672 1147 743 1185 Tag.
768 1145 825 1178 Sie
841 1145 936 1179 hatten
952 1152 1001 1172 ein
1001 1152 1068 1173 klei⸗

199 1214 267 1250 nes,
285 1206 427 1246 laͤndliches
442 1202 499 1244 Feſt
512 1201 693 1240 veranſtaltet.
728 1198 775 1231 O!
793 1198 844 1229 wie
854 1205 939 1228 waren
956 1199 1008 1231 wir
1019 1203 1064 1234 alle

198 1263 225 1297 ſo
244 1259 332 1300 heiter
352 1262 407 1289 und
426 1246 507 1291 froh!
526 1253 557 1276 —
573 1251 655 1287 Dieſe
672 1244 889 1284 Schmucknadel
906 1246 1002 1287 erhielt
1019 1258 1069 1287 ich

201 1304 245 1348 als
259 1313 298 1346 ich
313 1311 421 1344 meinen
434 1304 566 1345 Wilhelm
579 1302 713 1342 gebohren
726 1297 811 1334 hatte.
828 1312 864 1319 —
885 1295 903 1329 O
919 1296 970 1328 wie
981 1308 1072 1338 ſchwer

199 1360 290 1403 druͤckt
303 1366 344 1400 die
357 1353 535 1401 Erinnerung
555 1366 591 1389 an
611 1355 762 1395 entflohene
784 1351 921 1391 Freuden,
945 1369 1014 1390 wenn
1035 1364 1072 1388 du

202 1428 277 1465 ſelbſt
290 1428 332 1459 ihr
340 1421 457 1458 Moͤrder
471 1417 566 1458 warſt!
585 1433 618 1441 —
635 1415 731 1452 Nein,
756 1412 821 1451 auch
838 1410 925 1448 dieſen
957 1411 1069 1446 Schmuck

205 1478 276 1511 kann
290 1476 328 1509 ich
345 1476 415 1509 nicht
429 1471 578 1507 behalten;
594 1484 628 1491 —
650 1470 682 1502 es
697 1462 789 1502 muͤßte
802 1466 872 1496 denn
884 1458 957 1499 Jhre
970 1471 1072 1493 Abſicht

204 1519 292 1567 ſeyn,
303 1522 356 1555 mir
371 1523 450 1558 durch
463 1517 553 1555 ſeinen
566 1516 675 1549 Anblick
690 1516 794 1550 endloſe
813 1506 963 1545 Vorwuͤrfe
974 1522 1015 1549 zu
1038 1517 1081 1545 be⸗

206 1579 308 1611 reiten.
317 1567 366 1617 —
376 1570 504 1610 Nehmen
523 1565 581 1604 Sie
599 1569 648 1602 ihn
665 1565 771 1604 zuruͤck!
789 1565 856 1600 (Sie
875 1562 942 1592 reicht
965 1567 1018 1605 ihm
1036 1576 1074 1595 den

209 1630 330 1661 Schmuck,
349 1623 457 1657 nachdem
471 1620 500 1652 ſie
515 1619 600 1660 vorher
608 1614 661 1645 nur
672 1619 707 1647 die
720 1618 798 1644 Nadel
809 1618 1065 1651 herausgenommen.)

207 1676 353 1716 Unbek.
388 1687 425 1715 (in
439 1683 494 1706 eben
509 1679 532 1705 ſo
542 1679 629 1716 großer
641 1672 902 1714 Gemuͤthsbewegung,
921 1678 962 1710 als
980 1686 1080 1713 Eulalia,

213 1749 290 1778 welche
307 1752 330 1773 er
345 1748 399 1772 aber
412 1747 439 1777 zu
456 1742 582 1773 verbergen
598 1739 670 1768 ſucht,
689 1739 777 1763 nimmt
791 1737 833 1761 den
841 1731 957 1763 Schmuck
969 1740 1011 1769 mit
1025 1744 1085 1769 weg⸗

211 1799 357 1831 gewandtem
372 1797 462 1827 Geſicht
475 1797 523 1822 und
538 1793 598 1823 ſteckt
613 1792 654 1822 ihn
667 1787 726 1822 ein.)

248 1869 345 1899 Eulal.
383 1862 450 1895 Nur
465 1861 529 1896 dieſe
543 1857 635 1891 Nadel
650 1857 692 1893 ſey
707 1855 759 1888 mir
774 1854 817 1884 ein
831 1854 978 1885 Andenken
994 1869 1024 1891 an
1041 1862 1083 1891 die

215 1918 323 1952 Geburt
335 1915 444 1948 meines
455 1909 613 1950 Wilhelms.
