1522 2308
363 319 407 354 34

560 312 659 354 Von
672 311 740 353 der
753 303 943 362 Pruͤfung
960 304 1035 354 ſein
1046 305 1157 362 ſelbſt

362 371 433 420 cher
448 364 617 418 herzlichen
634 366 710 410 liebe
730 358 797 417 alle
801 359 880 410 ſeine
893 360 1005 412 gebote
1022 363 1106 411 ohne
1119 357 1313 411 ausnahm/
1323 358 1362 406 ſie

363 427 445 472 ſeien
468 423 540 466 dem
563 424 654 467 alten
676 425 781 464 adam
798 419 858 460 lieb
875 421 950 461 oder
966 418 1056 466 leid/
1074 416 1135 467 ſuͤß
1157 416 1233 457 oder
1254 415 1364 467 ſauer/

364 478 462 527 leicht
488 478 564 519 oder
589 467 763 525 ſchwehr/
781 471 886 520 willig
904 471 976 512 und
993 471 1057 512 mit
1079 467 1213 517 freuden
1233 465 1369 520 halten/

365 531 441 571 und
455 527 556 577 ſeinen
573 527 686 569 willen
700 532 781 572 gern
799 520 887 568 thun
911 524 984 565 und
1007 517 1241 570 vollbringen?
1267 516 1364 569 Joh.

364 588 424 621 14/
434 590 473 621 15.
485 591 525 615 21.
536 586 586 621 23.
614 588 638 615 1.
646 574 739 621 Joh.
749 577 814 617 5/3.

419 632 461 676 d)
484 630 556 670 Ob
578 629 656 667 wir
676 623 793 665 Gott
813 621 906 666 uͤber
924 621 1004 665 alle
1022 619 1139 672 dinge
1155 603 1360 665 fuͤrchten?

366 684 437 723 das
457 667 533 724 iſt/
531 676 617 726 Jhn
631 676 708 722 ſtets
721 670 992 724 gegenwaͤrtig/
993 679 1058 711 vor
1097 678 1204 723 augen
1227 675 1286 708 und
1310 667 1361 708 im

366 730 480 781 herzen
494 727 629 775 haben?
649 725 742 772 Tob.
755 726 832 771 4/6.
858 722 941 767 Und
955 724 1001 764 ob
1008 724 1070 763 wir
1083 724 1208 769 dahero
1215 725 1287 761 uns
1295 724 1361 759 mit

368 783 471 827 allem
494 781 577 829 ernſt
600 780 671 823 und
695 778 769 830 fleiß
791 772 936 826 huͤten/
943 774 1010 823 daß
1031 774 1092 815 wir
1107 776 1142 817 in
1156 775 1241 815 keine
1256 775 1361 822 einige

367 830 496 889 ſuͤnde/
528 833 565 885 ſie
580 832 619 885 ſei
637 831 723 887 groß
738 833 816 875 oder
830 824 949 875 klein/
959 827 1151 879 willigen/
1149 826 1232 876 noch
1247 829 1363 868 etwas

367 891 488 934 wieder
507 887 587 937 ſeine
610 884 724 939 heilige
745 882 861 934 gebote
877 877 997 928 thun/
1004 881 1077 927 und
1094 879 1147 926 ehe
1161 882 1226 921 wir
1239 878 1364 930 ſolches

368 936 524 990 thaͤten|/
526 935 600 981 und
614 939 731 982 wieder
746 931 868 985 Gott/
890 932 954 985 ſein
970 932 1066 984 heilig
1084 931 1202 978 Wort
1216 931 1290 973 und
1305 939 1370 972 un⸗

369 993 419 1043 ſer
444 990 593 1041 gewiſſen
617 990 741 1034 redeten
766 989 845 1031 oder
867 983 1070 1036 handelten/
1092 983 1156 1025 wir
1172 981 1266 1025 lieber
1287 982 1369 1024 aller

346 1045 453 1088 welt
468 1037 643 1090 ungunſt/
654 1041 748 1088 haß/
760 1036 929 1090 ſchmach/
942 1035 1146 1087 verachtung
1161 1034 1233 1077 und
1247 1032 1368 1083 verfol⸗

371 1088 493 1146 gung/
508 1094 569 1135 den
584 1090 718 1142 ſchaden
726 1092 798 1132 und
813 1090 901 1134 raub
908 1087 1038 1138 unſerer
1052 1083 1151 1136 guͤter
1166 1083 1373 1136 erduldeten/

374 1149 412 1191 ja
428 1144 522 1191 lieber
536 1146 599 1188 den
612 1146 672 1188 tod
689 1145 808 1189 litten?
825 1140 970 1190 Matth.
980 1146 1100 1188 10/28.
1116 1150 1142 1180 1.
1153 1135 1248 1188 Petr.
1260 1144 1346 1189 3/14.

428 1198 467 1245 e)
493 1194 563 1238 Ob
577 1198 654 1237 wir
671 1191 791 1237 Gott
801 1191 895 1235 uͤber
908 1191 986 1233 alle
1000 1189 1116 1240 dinge
1140 1191 1371 1229 vertrauen?

375 1247 473 1294 Das
488 1242 558 1295 iſt/
574 1244 619 1287 ob
635 1243 700 1286 wir
720 1242 815 1294 ſeiner
829 1239 1026 1286 allmacht
1037 1243 1110 1280 und
1123 1239 1305 1282 weisheit
1317 1246 1373 1283 zu⸗

375 1295 523 1346 trauen/
539 1298 606 1349 daß
607 1293 676 1346 er/
689 1299 739 1345 bei
758 1298 840 1342 aller
854 1290 1085 1345 menſchlichen
1099 1289 1379 1343 unmoͤglichkeit/

377 1354 527 1401 dennoch
538 1347 672 1403 helfen/
681 1354 754 1393 und
769 1350 817 1392 bei
825 1349 924 1391 allem
939 1345 1143 1398 aͤuſſerlichen
1158 1341 1293 1393 mangel
1300 1346 1373 1386 uns

378 1405 529 1452 dennoch
542 1407 642 1454 geben
657 1398 800 1448 koͤnne/
803 1399 878 1444 was
897 1403 970 1440 uns
985 1396 1056 1449 nuͤtz
1074 1399 1145 1440 und
1160 1395 1245 1444 noht
1253 1396 1315 1446 iſt?
1327 1396 1373 1438 ob

378 1458 446 1499 wir
452 1454 549 1505 Jhn
564 1462 626 1495 vor
647 1453 739 1496 einen
753 1446 1057 1501 wahrhaftigen
1071 1445 1186 1493 Gott
1201 1445 1375 1499 erkennen/

379 1509 456 1551 und
470 1508 535 1547 alle
552 1507 630 1553 ſeine
650 1501 894 1553 verheiſſungen
909 1507 975 1542 vor
988 1499 1026 1551 ja
1040 1498 1113 1541 und
1125 1492 1231 1541 amen
1241 1496 1380 1550 halten/

380 1557 451 1607 daß
467 1555 518 1601 Er
532 1546 644 1601 gewiß
655 1563 701 1595 an
721 1555 793 1593 uns
807 1547 944 1599 erfuͤllen
961 1548 1085 1601 werde/
1094 1550 1174 1590 was
1201 1548 1241 1590 Er
1248 1550 1322 1586 uns
1336 1549 1378 1603 in

382 1612 502 1660 ſeinem
512 1608 631 1655 Wort
645 1608 716 1649 und
732 1604 834 1653 durch
849 1602 952 1652 ſeinen
961 1603 1061 1653 Geiſt
1077 1602 1111 1653 ſo
1124 1603 1234 1650 theuer
1240 1594 1377 1649 verheiſ⸗

383 1661 438 1714 ſen
465 1658 548 1708 hat?
582 1657 628 1700 ob
648 1654 713 1698 wir
734 1653 817 1701 auch
838 1653 933 1701 ſeiner
953 1651 1282 1704 barmherzigkeit
1302 1653 1378 1694 und

383 1713 515 1763 gnade
526 1701 719 1761 zutrauen/
735 1706 804 1755 daß
817 1708 869 1752 Er
883 1711 955 1749 uns
968 1701 1027 1750 als
1040 1705 1119 1754 ſeine
1132 1704 1243 1747 kinder
1276 1709 1380 1744 (wenn

387 1762 453 1805 wir
475 1773 542 1806 nur
563 1763 687 1812 anders
702 1758 801 1811 ſolche
815 1759 852 1803 in
866 1758 920 1803 der
933 1763 1009 1808 that
1024 1754 1108 1812 ſind)
1123 1752 1206 1810 nicht
1224 1753 1381 1805 verlaſſen

387 1815 474 1862 noch
490 1810 703 1866 verſaͤumen/
718 1809 856 1864 ſondern
870 1814 943 1854 uns
957 1810 1080 1859 allezeit
1092 1804 1178 1853 nach
1196 1805 1306 1859 geiſt/
1321 1804 1393 1854 ſeel

387 1870 465 1909 und
480 1868 541 1909 leib
555 1858 751 1918 verſorgen/
763 1858 936 1922 erhalten/
946 1859 1122 1914 beſchuͤtzen
1135 1859 1208 1902 und
1220 1860 1276 1914 uns
1292 1858 1379 1913 aller

388 1912 509 1968 gefahr
523 1920 657 1959 erretten
676 1913 801 1960 wolle?

442 1960 482 1997 f)
517 1970 587 2004 Ob
595 1977 675 2007 wir
696 1970 814 2005 neben
833 1960 950 2008 Gott
967 1960 1069 2012 noch
1086 1960 1227 2010 andere
1238 1926 1383 2015 goͤtter

387 2015 540 2063 haben?
580 2017 674 2063 Das
698 2016 765 2063 iſt/
783 2012 830 2059 ob
843 2013 908 2059 wir
923 2016 1037 2060 etwas
1048 2012 1203 2058 anders/
1223 2019 1262 2053 es
1266 2013 1313 2063 ſei
1332 2013 1382 2066 ein

1256 2074 1385 2126 menſch
