2874 3719
603 543 692 585 702

805 530 1107 588 Kirchweyh.
1160 532 1370 593 Kirmſe.
1385 532 1532 592 Klage.

1920 551 2162 595 Kleider.

676 619 707 659 §.
724 626 759 655 7.
776 616 823 658 Jn
831 617 1000 657 Erwegung
1009 617 1096 657 deſſen
1105 618 1198 658 haben
1208 618 1261 660 ſich
1269 626 1445 660 vergangen.

678 659 713 697 α)
741 657 804 692 Die
818 655 947 692 blinden
957 656 1109 697 Heyden,
1112 654 1211 704 welche
1227 657 1347 699 lebloſen
1356 657 1463 702 Goͤtzen
1475 665 1509 702 zu
1519 657 1580 700 Eh⸗

607 709 659 738 ren
670 701 788 741 Tempel
796 694 919 741 erbauet,
934 695 1126 747 eingeweyhet,
1145 699 1192 745 und
1200 705 1285 744 ihnen
1299 707 1443 740 darinnen
1453 706 1581 745 gedienet

607 746 722 786 haben,
732 741 782 787 wie
795 741 967 785 dergleichen
985 747 1171 780 Demetrius,
1188 748 1236 780 der
1252 747 1473 788 Goldſchmied,
1490 749 1580 789 deſſen

608 787 764 825 Act.19.v.
773 790 823 822 24.
842 785 959 826 gedacht
974 789 1074 825 wird,
1092 788 1275 827 verfertigte,
1292 792 1352 821 und
1371 791 1447 824 einer
1463 789 1584 829 heydni⸗

607 830 685 872 ſchen
701 827 828 868 Goͤttin,
843 831 892 864 der
908 831 1021 863 Dianæ,
1045 837 1079 872 zu
1099 831 1215 869 Ehren,
1242 832 1419 872 aufrichtete.
1439 834 1526 866 Conf.
1545 838 1579 866 D.

609 870 778 910 Deylingius
778 870 877 910 obſerv.
889 866 958 910 ſacr.
959 874 1021 903 Part.
1039 882 1062 909 3.
1071 872 1117 911 obſ.
1127 882 1166 912 39.
1178 878 1200 904 §.
1211 880 1235 910 5.
1251 879 1279 912 p.
1289 873 1346 907 286.
1356 874 1417 913 ſqq.

679 912 709 942 β)
735 908 796 939 Die
805 903 1088 946 aberglaͤubiſchen
1110 903 1274 955 Papiſten,
1287 910 1350 952 wenn
1390 910 1425 949 ſie
1442 908 1513 948 noch
1531 909 1582 948 biß

606 952 676 993 dieſe
686 952 810 987 Stunde
817 951 935 991 Kirchen
954 951 1077 985 erbauen
1091 954 1150 986 und
1167 953 1289 994 weyhen
1303 956 1481 990 vermeinten
1491 955 1585 995 Heili⸗

605 1008 681 1041 gen,
670 998 746 1038 und
757 995 843 1034 ihnen
855 997 897 1029 die
917 997 1005 1032 GOtt
1022 997 1125 1031 alleine
1142 994 1321 1037 gebuͤhrende
1338 999 1417 1036 Ehre
1436 1000 1578 1034 darinnen

606 1039 751 1070 erweiſen.
792 1032 897 1073 Daher
907 1032 944 1072 ſie
953 1033 1023 1072 auch
1034 1033 1095 1073 ihre
1106 1034 1314 1075 Kirchweyhen
1322 1036 1377 1070 mit
1385 1035 1477 1071 vielen
1490 1033 1583 1077 laͤppi⸗

604 1082 682 1119 ſchen
702 1079 760 1109 und
777 1074 957 1118 laͤcherlichen
978 1078 1157 1114 Cerimonien
1173 1079 1361 1116 celebriren,
1389 1084 1447 1113 und
1473 1084 1578 1120 darbey

603 1119 758 1162 ſonderlich
767 1120 844 1153 derer
853 1119 941 1154 Lobes
952 1118 1097 1161 erhebung
1109 1123 1196 1161 dieſes
1206 1122 1272 1155 oder
1283 1122 1362 1164 jenes
1372 1122 1520 1161 Heiligen,
1522 1118 1583 1159 dem

606 1170 641 1204 zu
647 1165 744 1201 Ehren
754 1161 798 1194 die
808 1160 905 1201 Kirche
915 1160 1047 1200 erbauet,
1062 1161 1138 1201 nicht
1148 1163 1307 1202 vergeſſen,
1319 1163 1388 1203 auch
1400 1165 1509 1204 endlich
1521 1164 1580 1203 ihre

604 1202 916 1241 Kirchweyh⸗Freude
939 1204 995 1237 mit
1020 1204 1142 1243 Sauſen
1160 1208 1220 1237 und
1243 1206 1452 1245 Schmauſen,
1465 1212 1518 1238 wie
1532 1208 1579 1240 die

605 1251 725 1285 Heyden
736 1242 788 1282 bey
801 1245 883 1284 ihren
894 1243 1080 1275 Bachanalien
1091 1254 1126 1287 zu
1143 1245 1218 1286 thun
1236 1247 1387 1286 pflegten,
1396 1248 1578 1287 beſchlieſſen.

605 1294 654 1325 Jn
663 1288 794 1317 welchem
789 1283 912 1328 letztern
935 1281 1030 1327 Puncte
1043 1284 1077 1315 es
1087 1284 1193 1318 leider!
1215 1284 1286 1324 auch
1295 1278 1358 1326 bey
1374 1287 1433 1320 uns
1451 1285 1581 1326 Luthera⸗

604 1336 678 1361 nern
689 1327 820 1365 verſehen
830 1328 918 1363 wird,
931 1329 969 1359 da
1009 1334 1046 1358 man
1058 1327 1220 1367 insgemein
1228 1329 1274 1364 die
1282 1328 1579 1370 Kirchweyh⸗Freude

605 1378 660 1405 vor
670 1373 742 1403 keine
749 1369 840 1409 rechte
848 1371 960 1410 Freude
970 1369 1052 1410 haͤlt,
1081 1377 1151 1406 wenn
1167 1379 1209 1405 man
1241 1376 1334 1407 daran
1344 1374 1422 1414 nicht
1429 1374 1484 1414 ſein
1494 1376 1574 1412 Hertz

603 1413 691 1453 durch
701 1413 812 1454 Freſſen
830 1416 889 1448 und
901 1412 1055 1453 Sauffen,
1072 1413 1196 1455 Tantzen
1211 1418 1270 1451 und
1288 1417 1463 1457 Springen,
1481 1417 1581 1458 Rauf⸗

603 1461 654 1497 fen
664 1459 723 1489 und
733 1453 888 1497 Schlagen
897 1453 959 1490 dem
968 1455 1078 1497 Teuffel
1085 1456 1255 1498 aufopffert.
1296 1457 1400 1497 Daher
1409 1458 1478 1498 auch
1487 1459 1515 1496 ſo
1522 1467 1575 1499 gar

602 1499 696 1536 einige
704 1499 780 1530 derer
790 1495 888 1537 Herrn
897 1495 1029 1538 Juriſten
1048 1498 1130 1537 ſchon
1147 1496 1295 1538 laͤngſtens
1303 1497 1501 1541 gewuͤnſchet,
1519 1501 1579 1539 daß

602 1541 704 1579 ſolcher
720 1537 800 1577 mehr
817 1537 866 1570 als
885 1537 1050 1577 heydniſche
1068 1538 1177 1574 Greuel
1192 1538 1244 1579 bey
1259 1544 1351 1575 denen
1367 1539 1576 1581 Kirchweyhen

602 1582 711 1619 moͤchte
722 1585 775 1618 gar
792 1576 984 1624 abgeſchaffet
1002 1576 1128 1620 werden.
1148 1583 1214 1613 Vid.
1229 1583 1282 1613 cel.
1293 1584 1471 1615 Boehmerus
1481 1593 1504 1612 in
1509 1588 1573 1622 jure

600 1624 745 1661 proteſtant.
759 1618 909 1656 eccleſiaſtico
917 1621 947 1651 ad
957 1615 1046 1651 decret.
1058 1621 1102 1651 lib.
1119 1632 1136 1659 3.
1143 1624 1187 1658 tit.
1200 1630 1243 1660 40.
1261 1621 1288 1659 §.
1296 1629 1337 1657 52.

700 1664 729 1696 §.
751 1661 782 1691 8.
800 1659 888 1701 Daher
901 1657 993 1696 ſollen
1007 1654 1093 1703 billig
1105 1655 1164 1702 alle
1172 1657 1383 1700 rechtſchaffene
1392 1659 1578 1700 Lutheraner,

599 1704 702 1742 welche
712 1707 775 1735 dem
786 1702 972 1745 papiſtiſchen
979 1702 1085 1737 Greuel
1096 1702 1234 1744 abgeſagt
1243 1704 1348 1744 haben,
1359 1704 1428 1745 auch
1438 1706 1468 1739 in
1477 1705 1576 1745 dieſem

600 1751 713 1780 Stuͤcke
727 1747 811 1781 ihren
831 1746 910 1776 alten
918 1741 1079 1782 Sauerteig
1087 1746 1136 1776 der
1145 1735 1279 1783 Boßheit
1286 1744 1448 1787 ausfegen,
1457 1746 1516 1778 und
1527 1747 1584 1788 auf

601 1798 662 1818 eine
671 1791 774 1817 andere
800 1788 851 1818 und
866 1785 930 1830 GOtt
952 1784 1117 1826 gefaͤlligere
1126 1787 1183 1820 Art
1198 1787 1256 1826 ihre
1272 1782 1442 1830 Kirchweyh
1456 1787 1579 1828 vorneh⸗

602 1840 668 1861 men,
680 1829 797 1867 welche
809 1829 948 1863 darinnen
960 1829 1081 1867 beſteht,
1097 1830 1158 1865 daß
1168 1829 1259 1869 ſie

673 1876 700 1901 a)
724 1871 778 1901 Jm
788 1869 902 1902 Hauſe,
923 1866 959 1898 da
968 1864 1091 1901 GOttes
1110 1865 1186 1905 Ehre
1197 1865 1334 1902 wohnet,
1353 1874 1390 1899 und
1416 1861 1512 1913 deſſen
1521 1866 1579 1904 Ge⸗

602 1904 818 1952 daͤchtniß⸗Tag
827 1910 914 1949 ſeiner
925 1908 1120 1951 ehemahligen
1133 1911 1340 1953 Einweyhung
1349 1918 1469 1954 vorjetzo
1485 1910 1579 1953 gefey⸗

600 1961 650 1998 ret
663 1958 745 1990 wird,
759 1954 808 1985 mit
825 1951 869 1999 Lob
879 1955 939 1987 und
949 1950 1052 1989 Danck
1060 1952 1234 1996 erſcheinen,
1246 1959 1312 1987 und
1325 1964 1387 1988 vor
1393 1957 1458 1997 ſein
1465 1953 1576 1997 Ange⸗

601 2002 676 2044 ſicht
682 2000 823 2032 kommen
839 2000 899 2031 mit
911 1996 1099 2040 Frolocken,
1111 1999 1205 2031 Pſalm.
1219 2009 1281 2031 100.
1295 2010 1322 2029 v.
1335 2009 1362 2030 2.

683 2040 718 2078 b)
735 2038 828 2070 GOtt
837 2043 887 2070 um
897 2038 941 2069 die
951 2035 1119 2076 Erhaltung
1130 2036 1223 2076 ſeines
1233 2036 1276 2080 H.
1292 2038 1434 2078 Wortes,
1452 2036 1572 2080 welches

599 2086 628 2116 in
639 2087 727 2116 denen
737 2084 858 2121 Kirchen
866 2080 1011 2123 oͤffentlich
1022 2081 1147 2123 gelehret
1156 2083 1249 2124 wird,
1266 2079 1415 2126 demuͤthig
1429 2082 1574 2125 anflehen,

597 2132 657 2155 und
675 2127 838 2164 geſtehen:
864 2122 988 2162 HErr!
1017 2123 1161 2162 enthalte
1179 2132 1243 2157 uns
1266 2129 1339 2160 dein
1356 2120 1479 2162 Wort!
1516 2128 1576 2158 ler.

598 2185 637 2213 15.
650 2188 678 2210 v.
693 2181 730 2207 16.

699 2208 736 2244 c)
756 2203 832 2243 Jhre
850 2203 962 2245 Freude
976 2203 1028 2243 bey
1046 2203 1150 2244 ſolcher
1167 2203 1259 2245 Feyer
1277 2206 1365 2246 laſſen
1392 2209 1454 2240 eine
1471 2204 1577 2246 heilige

596 2249 710 2291 Freude
719 2255 785 2290 ſeyn,
814 2254 875 2283 und
886 2249 988 2290 ſelbige
993 2249 1072 2289 nebſt
1080 2254 1144 2286 dem
1154 2251 1234 2290 ihren
1241 2256 1329 2292 guten
1335 2251 1492 2293 Freunden
1499 2259 1581 2293 zuge⸗

597 2295 735 2330 richteten
745 2291 838 2329 Mahl
848 2295 880 2322 in
892 2291 971 2324 aller
983 2292 1214 2330 Gottesfurcht
1225 2293 1349 2333 halten,
1361 2293 1444 2324 Tob.
1456 2303 1484 2332 9.
1495 2303 1522 2323 v.
1535 2302 1575 2324 12.

683 2335 722 2369 d)
742 2332 913 2368 Uberhaupt
931 2329 1018 2371 ſolche
1034 2329 1322 2371 Kirchweyh⸗Feyer
1351 2331 1378 2370 ſo
1398 2331 1578 2371 vornehmen

597 2374 658 2407 und
668 2374 808 2412 begehen,
824 2374 910 2405 damit
928 2372 964 2412 ſie
981 2373 1107 2412 dadurch
1123 2375 1341 2413 aufgemuntert
1355 2378 1493 2409 werden,
1517 2378 1577 2414 ihre

595 2421 713 2455 Hertzen
734 2422 767 2456 zu
786 2415 911 2453 GOttes
928 2415 1047 2454 Tempel
1065 2420 1126 2454 und
1144 2416 1307 2457 Wohnung
1323 2426 1357 2458 zu
1372 2418 1500 2452 widmen
1517 2422 1577 2453 und

593 2458 812 2497 einzuweyhen.
855 2454 952 2496 Siehe
977 2459 1075 2490 davon
1097 2462 1187 2490 unten
1205 2462 1304 2492 weiter
1323 2457 1395 2499 nach
1418 2459 1446 2496 §.
1454 2456 1504 2498 :4.
1521 2460 1574 2493 des

591 2516 720 2557 Tituls:

987 2544 1206 2618 Tempel.

931 2654 1201 2715 Klage.

661 2748 689 2782 §.
698 2754 721 2778 1.
733 2742 809 2777 Eine
815 2740 907 2780 Klage
918 2742 1012 2789 zeuget
1024 2737 1070 2789 und
1087 2739 1186 2785 ruͤhret
1195 2741 1244 2785 her
1251 2748 1314 2780 von
1325 2743 1414 2781 einem
1422 2742 1572 2781 betruͤbten

591 2788 645 2822 und
658 2791 808 2827 traurigen
817 2786 984 2829 Gemuͤthe,
1000 2786 1124 2830 welches
1134 2787 1223 2828 durch
1239 2790 1362 2831 widrige
1375 2788 1531 2831 Umſtaͤnde
1541 2792 1571 2825 in

591 2834 680 2873 ſolche
690 2831 875 2870 Traurigkeit
883 2832 992 2872 geſetzet
1001 2833 1138 2871 worden,
1157 2826 1215 2872 daß
1238 2834 1270 2868 es
1284 2834 1356 2874 ſeine
1372 2832 1494 2874 innerſte
1510 2835 1572 2872 Be⸗

588 2875 711 2913 truͤbniß
721 2874 776 2907 mit
782 2872 959 2914 thraͤnenden
968 2876 1070 2914 Augen
1080 2879 1140 2910 und
1155 2873 1372 2917 wehmuͤthigen
1382 2879 1505 2914 Worten
1514 2881 1573 2919 euſ⸗

587 2918 686 2960 ſerlich
719 2916 752 2960 an
753 2912 821 2955 Tag
828 2915 907 2955 legen
923 2917 1013 2957 muß,
1029 2918 1087 2953 wie
1103 2918 1208 2959 ſolches
1224 2921 1283 2957 das
1299 2919 1462 2962 griechiſche
1477 2922 1569 2957 Wort

590 2962 714 3003 ϰλάιειν,
723 2955 849 2993 heulen,
867 2959 1012 2990 weinend
1024 2962 1113 2991 reden,
1125 2958 1212 2997 Luc.
1223 2968 1264 2996 19.
1277 2969 1304 2988 v.
1318 2967 1361 2994 41.
1381 2960 1497 2993 daraus
1506 2967 1566 2995 ver⸗

588 3000 726 3041 muthlich
739 2999 790 3033 das
806 2993 942 3041 teutſche
934 3001 1024 3034 Wort
1039 2999 1169 3042 Klagen
1187 3001 1399 3043 entſprungen,
1416 3009 1466 3038 zur
1483 3000 1569 3040 Gnuͤ⸗

587 3053 622 3081 ge
646 3043 783 3086 anzeiget.
823 3040 919 3084 Siehe
943 3042 1078 3084 demnach
1089 3045 1166 3077 oben
1182 3052 1246 3085 pag.
1265 3052 1322 3085 171.
1340 3046 1395 3083 den
1414 3039 1519 3085 Titul:

913 3135 1219 3191 Betruͤbniß.

894 3195 962 3235 Und
982 3197 1070 3229 unten
1081 3197 1132 3229 den
1148 3194 1249 3232 Titul:

939 3234 1189 3312 Thraͤnen.

2009 675 2223 725 Kleider.

1710 766 1737 805 §.
1762 776 1784 800 1.
1806 760 1853 804 Ein
1871 766 1939 803 Kleid
1969 768 2055 809 iſt
2024 762 2070 809 die
2065 767 2155 806 Decke
2167 770 2220 804 des
2229 767 2345 809 Leibes,
2359 769 2482 811 welches
2499 775 2604 807 entwe⸗

1626 801 1675 834 der
1683 811 1718 844 zu
1728 801 1897 844 Bedeckung
1909 804 1993 843 ſeiner
2005 804 2112 845 Bloͤſe,
2123 808 2190 837 oder
2209 813 2260 848 zur
2270 806 2369 846 Zierde
2386 810 2531 846 angeleget
2540 813 2599 840 und

1624 852 1761 886 getragen
1771 851 1858 884 wird.

1710 887 1737 924 §.
1759 896 1788 919 2.
1815 888 1874 923 Ein
1884 886 1969 923 Kleid
1979 889 2011 929 iſt
2020 892 2067 921 ein
2079 889 2203 929 Zeichen
2218 892 2274 923 des
2285 889 2490 932 geſchehenen
2502 891 2598 927 Suͤn⸗

1625 928 1828 968 den⸗Falles.
1863 927 1960 973 Denn
1958 938 2013 965 vor
2027 935 2090 965 dem
2103 931 2193 972 Fall,
2210 935 2251 968 im
2262 935 2368 969 Stand
2383 935 2431 967 der
2448 934 2599 976 Unſchuld,

1627 970 1748 1010 giengen
1757 973 1802 1005 die
1808 973 1898 1014 erſten
1908 966 2063 1014 Menſchen
2077 971 2153 1021 bloß,
2165 975 2221 1018 weil
2247 978 2283 1017 ſie
2293 978 2367 1012 keine
2374 975 2478 1017 Urſach
2487 975 2600 1016 hatten,

1626 1019 1721 1049 weder
1731 1017 1782 1056 ſich
1793 1018 1822 1051 in
1832 1019 1908 1056 ihrer
1922 1013 2022 1057 Bloͤſſe
2034 1026 2068 1062 zu
2085 1018 2232 1057 ſchaͤmen,
2243 1021 2316 1062 noch
2333 1019 2402 1063 auch
2414 1019 2490 1062 ſonſt
2504 1024 2601 1058 etwas

1629 1056 1770 1096 widriges
1781 1066 1819 1092 an
1831 1061 1908 1100 ihren
1919 1058 2033 1095 Leibern
2044 1067 2079 1102 zu
2096 1057 2236 1102 fuͤrchten.

1696 1097 1807 1139 Hieher
1815 1098 1935 1141 gehoͤrt,
1945 1101 2015 1135 was
2022 1105 2097 1135 oben
2105 1110 2164 1137 von
2174 1109 2230 1136 der
2237 1102 2353 1146 Bloͤſſe
2361 1114 2425 1147 pag.
2444 1111 2497 1139 181.
2513 1112 2602 1145 ange⸗

1625 1124 1723 1170 fuͤhret
1732 1136 1866 1165 worden.

1704 1174 1800 1209 Allein
1819 1181 1868 1211 als
1874 1181 1914 1223 der
1935 1176 2041 1217 leidige
2055 1180 2099 1210 und
2114 1177 2249 1221 klaͤgliche
2260 1180 2327 1222 Fall
2335 1182 2496 1221 derſelben,
2513 1170 2599 1221 durch

1625 1216 1712 1257 liſtige
1738 1218 1922 1260 Uberredung
1948 1223 2001 1253 des
2031 1221 2158 1256 Satans
2182 1228 2326 1262 geſchehen
2346 1231 2442 1261 ware,
2465 1231 2601 1263 empfun⸗

1619 1264 1671 1295 den
1678 1253 1717 1306 ſie
1723 1260 1802 1302 nicht
1820 1265 1865 1308 nur
1878 1262 1939 1308 ihre
1945 1263 2061 1304 Bloͤſſe,
2071 1267 2188 1303 ſondern
2203 1269 2250 1300 der
2262 1269 2459 1308 barmhertzige
2475 1270 2598 1307 GOTT

1624 1309 1731 1346 machte
1742 1311 1825 1348 ihnen
1836 1312 1904 1351 auch
1917 1312 2028 1352 ſelbſten
2043 1312 2160 1348 Kleider
2176 1320 2235 1347 von
2252 1314 2369 1355 Fellen,
2389 1309 2484 1348 damit
2502 1315 2538 1356 ſie
2554 1319 2600 1352 die

1624 1347 1722 1389 Bloͤſſe
1734 1351 1815 1388 ihres
1824 1351 1921 1385 Leibes
1934 1351 2062 1389 bedecken
2075 1353 2181 1393 ſolten,
2200 1354 2273 1384 Gen.
2285 1364 2309 1390 3.
2323 1365 2350 1384 v.
2364 1363 2401 1382 21.

1693 1394 1793 1427 Wenn
1805 1393 2019 1430 Chryſoſtomus
2034 1399 2061 1426 in
2074 1397 2135 1427 Gen.
2147 1406 2172 1426 3.
2187 1396 2277 1427 homil.
2288 1403 2325 1434 18.
2344 1395 2448 1437 ſolches
2465 1400 2600 1438 erweget,

1620 1427 1647 1466 ſo
1658 1428 1762 1468 ſpricht
1762 1429 1813 1469 er:
1858 1432 1957 1464 Quare
1969 1430 2033 1466 dic,
2043 1427 2182 1465 obſecro,
2196 1441 2302 1472 corpus
2312 1439 2347 1461 ita
2359 1438 2477 1463 exornas
2490 1438 2515 1461 &
2526 1443 2595 1472 gau-

1624 1466 1675 1501 des
1685 1473 1826 1510 ejusmodi
1836 1473 1961 1504 amictu?
1988 1476 2057 1506 Non
2069 1474 2192 1517 cogitas,
2211 1476 2282 1518 quod
2305 1483 2358 1515 pro
2375 1485 2478 1514 magno
2488 1478 2599 1518 ſuppli-

1623 1509 1668 1538 cio
1685 1515 1794 1550 propter
1809 1520 2076 1543 transgreſſionem,
2086 1518 2200 1549 tegmen
2212 1521 2266 1542 hoc
2284 1519 2470 1550 excogitatum
2489 1521 2538 1547 eſt.

1692 1566 1720 1603 §.
1742 1574 1772 1605 3.
1790 1565 1922 1603 Dahero
1943 1567 2003 1607 iſts
2017 1566 2178 1608 thoͤricht,
2205 1577 2298 1602 wenn
2326 1572 2383 1602 der
2406 1571 2538 1613 Menſch
2563 1575 2595 1613 in

1621 1605 1775 1641 Kleidern
1788 1606 1942 1645 ſtoltziren
1956 1613 2022 1640 und
2031 1609 2089 1647 ſich
2100 1608 2230 1649 bruͤſten
2247 1611 2329 1643 will.

1792 1656 1908 1692 Davon
1920 1652 1992 1696 ſiehe
2006 1654 2079 1689 oben
2093 1663 2159 1695 pag.
2175 1657 2233 1693 635.
2243 1658 2299 1691 den
2309 1656 2413 1694 Titul:

1971 1713 2271 1781 Hochmuth.

1692 1798 1723 1837 8.
1743 1808 1775 1834 4.
1794 1798 1879 1839 Doch
1897 1807 1964 1842 mag
1983 1804 2029 1836 ein
2043 1801 2144 1844 Chriſt
2162 1807 2211 1835 ein
2229 1803 2379 1843 reinlich,
2396 1809 2462 1838 und
2482 1805 2594 1845 ſeinem

1622 1842 1759 1875 Stande
1768 1841 1920 1882 gemaͤſſes
1928 1844 2029 1876 Kleid
2047 1842 2178 1884 anlegen
2191 1848 2257 1877 und
2279 1847 2415 1887 fuͤhren,
2432 1853 2517 1879 wenn
2535 1855 2593 1881 nur

1618 1885 1664 1919 ein
1673 1881 1857 1926 demuͤthiges
1866 1886 1964 1927 Hertze
1975 1878 2112 1922 dadunter
2120 1886 2278 1930 verborgen
2290 1889 2334 1927 iſt.
2378 1890 2495 1935 Maſſen
2506 1891 2595 1928 GOtt

1620 1931 1664 1966 die
1673 1930 1818 1972 Kleidung
1826 1931 1902 1972 nicht
1911 1938 1968 1966 nur
1979 1942 2027 1976 zur
2036 1931 2233 1976 Nothdurfft,
2243 1937 2362 1974 ſondern
2379 1936 2451 1974 auch
2462 1942 2525 1980 zum
2536 1940 2598 1977 ehr⸗

1619 1970 1708 2013 lichen
1729 1966 1853 2021 Zierrath
1871 1967 2044 2015 verordnet.
2068 1973 2198 2016 Solches
2209 1974 2242 2014 iſt
2257 1983 2292 2020 zu
2310 1974 2389 2015 ſehen
2407 1976 2516 2018 ſowohl
2534 1977 2625 2018 aus

1619 2021 1709 2052 denen
1717 2017 1868 2060 Kleidern,
1876 2018 1977 2055 welche
1987 2020 2078 2055 GOtt
2087 2023 2137 2056 der
2145 2020 2369 2063 Prieſterſchafft
2381 2024 2420 2058 im
2462 2024 2518 2057 Alten
2538 2024 2598 2060 Te⸗

1616 2060 1739 2099 ſtament
1745 2063 1899 2098 verordnet,
1928 2061 1972 2098 die
1986 2056 2059 2104 nicht
2077 2071 2123 2098 nur
2134 2073 2185 2109 zur
2198 2061 2339 2107 noͤthigen
2353 2066 2522 2107 Bedeckung
2539 2068 2595 2103 des

1613 2102 1721 2145 Leibes,
1733 2099 1842 2142 ſondern
1856 2104 1927 2143 auch
1937 2113 1985 2149 zur
1993 2106 2091 2146 Zierde
2100 2108 2183 2147 ihnen
2192 2109 2292 2142 dienen
2305 2108 2433 2150 muſten;
2454 2109 2511 2145 Als
2521 2108 2592 2151 auch

1619 2147 1719 2181 Ezech.
1731 2149 1770 2177 16.
1781 2157 1809 2178 v.
1821 2155 1862 2184 18.
1886 2149 1900 2178 &
1913 2148 1991 2188 ſeqq.
2008 2150 2099 2183 allwo
2116 2151 2205 2188 GOtt
2219 2154 2269 2185 der
2286 2151 2376 2192 HErr
2383 2152 2530 2191 gedencket
2538 2155 2593 2187 des

1618 2186 2023 2228 Schmuckes,
1827 2181 1878 2225 mit
1895 2188 2011 2228 welchem
2033 2198 2061 2223 er
2069 2191 2126 2228 ſein
2135 2191 2225 2225 Volck
2241 2191 2373 2231 gekleidet
2387 2193 2447 2225 und
2463 2189 2593 2236 gezieret.

1616 2230 1682 2265 Und
1693 2228 1815 2269 Paulus
1823 2228 1989 2271 gedencket,
2002 2240 2022 2261 1.
2033 2232 2116 2261 Tim.
2127 2241 2155 2263 2.
2165 2240 2193 2260 v.
2205 2240 2234 2266 9.
2243 2233 2297 2266 des
2306 2232 2455 2275 zierlichen,
2479 2235 2538 2267 das
2550 2232 2594 2273 iſt,

1617 2266 1698 2301 eines
1707 2267 1827 2302 erbaren
1835 2269 1896 2303 und
1908 2267 1997 2308 ihrem
2005 2268 2114 2305 Stand
2122 2265 2262 2312 gemaͤſſen
2272 2271 2412 2313 Kleides,
2422 2273 2452 2306 in
2461 2272 2638 2314 welchem

1619 2310 1664 2343 die
1674 2308 1791 2344 Weiber
1803 2307 1957 2348 erſcheinen
1974 2305 2077 2350 moͤgen

1689 2342 1718 2377 §.
1741 2344 1772 2377 5.
1796 2339 1922 2371 Alleine
1935 2343 1997 2372 mit
2006 2328 2160 2374 Kleidern
2177 2348 2260 2373 wird
2275 2352 2498 2387 gemeiniglich
2521 2338 2595 2383 ſtol⸗

1616 2395 1710 2429 zieret
1719 2398 1786 2426 und
1804 2393 1955 2433 Hoffarth
1964 2394 2146 2437 getrieben,
2164 2399 2223 2429 und
2233 2396 2309 2438 weiß
2325 2399 2459 2441 mancher
2466 2399 2594 2434 Kleider⸗

1615 2436 1702 2471 Narr
1708 2428 1786 2476 nicht,
1815 2439 1872 2471 wie
1883 2445 1912 2470 er
1922 2436 1974 2479 ſich
1984 2434 2116 2479 praͤchtig
2123 2446 2218 2479 genug
2227 2437 2331 2474 kleiden
2340 2440 2391 2481 ſoll,
2426 2442 2453 2483 ob
2469 2450 2496 2474 er
2502 2439 2591 2482 gleich

1614 2480 1692 2522 weiß,
1722 2482 1780 2521 daß
1791 2482 1823 2516 es
1831 2482 1932 2520 ſeinem
1939 2483 2047 2518 Stand
2067 2479 2144 2523 nicht
2154 2481 2257 2526 gemaͤß
2267 2485 2325 2526 ſey.

1697 2521 1814 2559 Ertritt
1832 2521 1920 2562 daher,
1934 2518 1978 2561 wie
1991 2524 2038 2555 ein
2050 2522 2171 2564 ſtoltzer
2181 2524 2280 2566 Pfau,
2288 2528 2337 2559 der
2346 2526 2436 2567 ſeinen
2447 2524 2599 2569 Schweiff

1612 2556 1656 2606 mit
1678 2559 1769 2607 ſeinen
1780 2565 1906 2601 bundten
1917 2564 2249 2611 Spiegelnausbreitet,
2268 2573 2329 2604 und
2345 2570 2398 2610 ſich
2409 2569 2525 2611 bruͤſtet.

1687 2611 1765 2642 Wie
1776 2611 1826 2640 ein
1839 2607 1961 2648 ſtoltzes
1981 2611 2098 2651 Pferd,
2114 2610 2253 2653 welches,
2269 2616 2355 2646 wenn
2373 2611 2406 2646 es
2421 2614 2532 2654 geputzt
2546 2612 2591 2653 iſt,

1617 2648 1673 2682 mit
1679 2647 1880 2688 aufgerecktem
1888 2650 1995 2689 Kopffe
2003 2649 2099 2688 einher
2113 2652 2206 2691 gehet.

1697 2687 1741 2724 Er
1759 2685 1874 2728 machts
1888 2689 1949 2720 wie
1964 2692 2019 2722 der
2035 2690 2133 2723 reiche
2149 2690 2373 2733 Schlemmer,
2389 2691 2506 2730 welcher
2522 2691 2593 2727 über

1612 2734 1703 2775 ſeinen
1709 2734 1820 2771 Stand
1827 2736 1859 2770 in
1867 2735 1991 2775 Purpur
1999 2738 2060 2770 und
2067 2735 2215 2778 koͤſtlichen
2229 2738 2383 2773 Leinwand
2393 2740 2448 2781 ſich
2463 2739 2594 2779 kleidete,

1614 2780 1674 2815 und
1684 2780 1715 2815 in
1723 2778 1838 2822 ſolchem
1849 2780 2088 2822 Kleider-Pracht
2096 2780 2260 2827 ſtolzierete.

1685 2829 1712 2867 §.
1731 2829 1767 2864 6.
1786 2826 1915 2869 Solcher
1924 2829 2017 2865 eiteler
2025 2830 2263 2876 Kleider-Pracht
2271 2830 2341 2865 aber
2353 2829 2442 2873 zeiget
2449 2836 2506 2868 an,
2516 2838 2589 2866 was

1611 2876 1675 2902 vor
1685 2874 1736 2904 ein
1745 2867 1943 2912 hoffaͤrtiges
1950 2876 2021 2905 und
2033 2872 2155 2912 ſtoltzes
2173 2872 2283 2910 Hertze
2300 2878 2397 2906 unter
2414 2874 2591 2914 demſelben

1610 2913 1793 2956 verborgen
1804 2914 1868 2957 ſey.
1906 2912 2021 2952 Davon
2018 2911 2101 2964 ſiche
2118 2915 2180 2951 oben
2196 2926 2259 2957 pag.
2271 2916 2332 2954 636.
2342 2917 2372 2951 §.
2400 2912 2435 2959 3.
2453 2916 2492 2957 O)
2509 2922 2593 2956 unter

1610 2961 1675 2998 dem
1686 2960 1789 2999 Titul:

1935 3035 2237 3108 Hochmuth.

1692 3136 1794 3171 Wenn
1802 3133 1985 3167 Bernhardus
1995 3138 2022 3166 in
2032 3134 2143 3178 Apolog.
2152 3135 2185 3168 ad
2193 3136 2322 3170 Guilielm.
2333 3138 2425 3172 Abbar.
2435 3138 2542 3181 ſolches
2551 3145 2594 3173 er⸗

1611 3176 1715 3216 weget,
1726 3177 1755 3215 ſo
1761 3175 1895 3218 ſchreibet
1903 3182 1949 3210 er:
1971 3181 2084 3207 Vanum
2096 3188 2148 3209 cor
2158 3179 2285 3211 vanitatis
2303 3186 2400 3212 notam
2410 3180 2519 3219 ingerit
2526 3189 2596 3210 cor-

1613 3220 1679 3252 pori
1691 3220 1718 3245 &
1734 3216 1863 3244 exterior
1882 3212 2062 3256 ſuperfluitas
2081 3214 2229 3246 interioris
2246 3219 2375 3249 vanitatis
2390 3218 2532 3250 indicium
2542 3219 2591 3249 eſt.

1612 3258 1713 3296 Mollia
1721 3258 1888 3294 indumenta
1898 3258 1985 3296 animi
1994 3259 2149 3296 mollitiem
2168 3262 2305 3296 indicant.

2529 3309 2597 3342 Der
