1622 2358
514 281 584 322 ein
584 281 781 322 Luſtſpiel.

1022 295 1113 341 479

579 382 711 417 Valer.

243 437 332 474 Nun
350 444 422 470 was
440 428 498 476 ſoll
514 439 574 474 das
597 435 754 477 heimliche
770 438 980 481 Geplauder?
1006 446 1103 480 meine

185 498 306 551 Finger
332 501 398 549 ſind
423 501 490 547 jetzt
507 502 625 541 einmal
642 503 686 540 im
708 502 838 549 Gange,
865 506 929 538 und
948 513 1041 542 wenn
1061 505 1105 551 ich

185 559 335 610 ſchreiben
353 561 444 609 muß,
461 561 493 611 ſo
509 562 590 613 muß
591 556 643 617 ich
653 560 823 612 ſchreiben;
839 563 911 611 gebt
926 564 998 614 her!

513 658 764 716 Carolinchen.

241 752 310 800 Jch
326 750 446 798 moͤchte
466 758 540 797 aber
565 758 639 804 doch
656 762 713 797 den
727 751 857 802 Jnhalt
872 754 989 805 hoͤren!

519 855 582 916 Fr.
601 859 776 911 Argante.

241 942 378 991 Jmmer
395 956 471 988 was
485 948 621 991 Neues!
652 968 709 976 —
738 949 816 999 gut!
841 949 919 1001 leſen
939 949 1028 994 Sie!

591 1042 722 1080 Valer.

239 1127 275 1171 O
292 1131 323 1181 ſo
344 1130 401 1181 ſoll
418 1130 462 1174 ich
478 1129 557 1176 noch
575 1135 638 1169 das
652 1129 742 1179 Zeug
758 1129 920 1180 anhoͤren,
946 1137 1008 1171 das
1036 1140 1103 1171 uns

183 1186 278 1235 dieſer
291 1188 474 1234 Monſieur
484 1187 706 1236 vorſchwatzt:
733 1193 806 1225 was
834 1187 909 1233 geht
925 1190 1004 1233 mich
1027 1207 1106 1235 nun

182 1243 244 1276 das
259 1239 339 1278 alles
356 1229 428 1281 an?

530 1301 742 1358 Schlange.

227 1387 336 1439 Sehr
356 1395 434 1448 viel,
458 1397 544 1436 mein
562 1395 672 1446 Herr!
704 1399 754 1438 ein
777 1398 940 1442 Contrakt
967 1400 1005 1449 iſt
1036 1400 1104 1442 eine

150 1451 383 1505 gegenſeitige
403 1453 666 1508 Einwilligung
691 1464 808 1504 zweyer
839 1461 911 1495 oder
950 1456 1102 1508 mehrerer

178 1516 359 1570 Perſonen,
375 1518 423 1557 die
439 1517 495 1565 ſich
512 1528 550 1567 zu
565 1519 666 1559 einem
683 1517 828 1571 gewiſſen
846 1519 1031 1571 Endzwecke
1046 1541 1104 1559 —

179 1574 289 1626 (Valer
303 1574 379 1622 aͤffet
386 1579 452 1614 und
467 1579 566 1616 brumt
591 1579 653 1618 ihm
668 1577 770 1622 nach).

509 1664 575 1718 Fr.
592 1664 768 1716 Argante.

238 1719 319 1765 Leſen
336 1719 409 1761 Sie
425 1727 500 1768 nur,
516 1720 602 1765 Herr
619 1719 792 1767 Schlange
803 1743 864 1758 —

540 1818 746 1862 Schlange.

237 1860 432 1914 „Nachdem
455 1874 706 1922 gegenwaͤrtiger
738 1872 823 1918 Herr
848 1871 976 1924 Valer,
1005 1876 1103 1921 Titel,

181 1916 292 1971 „Titel
308 1914 346 1964 et
361 1932 515 1976 caetera,
531 1943 568 1979 et
585 1942 730 1980 caetera
738 1959 798 1968 —

615 2019 694 2082 Ji
694 2019 752 2082 4

956 2022 1102 2076 Valer.
